2400 4380
45 372 48 379 Ι
312 232 686 376 Ᾰρορὺιὺεςνηωα.”
745 250 757 297 ²
869 244 972 395 479³

44 442 56 543 l
90 437 176 520 Vll.
190 442 301 547 „Qui
318 446 417 544 cupit
432 445 510 524 fieri
524 451 745 542 monachus,
761 478 829 530 nec
870 455 964 543 otest
1010 460 1015 481 '
1093 520 1103 529 ..

45 543 321 628 tontumelias,
346 548 618 627 contemtus&
638 573 767 650 poenas
791 478 959 650 snubere,

44 636 179 737 brequit
197 640 264 719 effe
280 646 493 724 monachus.

45 740 49 765 ¹
89 739 194 817 Vlll.
218 743 284 831 „Si
302 756 339 819 te
357 746 479 822 turbet
507 746 682 843 cogitatio
706 752 859 850 propriae
881 746 960 832 exi·
1046 838 1049 846 ,

45 838 294 930 llimationis,
328 843 414 920 dic:
453 845 667 922 Sanstorum
703 849 767 925 alii
805 850 958 949 lapidati

45 938 158 1027 unt,
186 937 290 1030 sesti,
315 941 353 1017 in
374 944 677 1042 occisrone‘gladii
692 951 827 1026 mortui
848 948 954 1028 sunt:

45 1038 127 1212 {go
141 1052 287 1128 autem,
313 1042 375 1136 qui
392 1056 541 1121 aetatem
567 1070 713 1124 omnem
737 1048 775 1123 in
796 1054 956 1147 peccatis

45 1200 50 1212 .
76 1138 217 1226 eduxi,
240 1139 326 1236 quid
344 1142 381 1219 iu
398 1142 458 1219 die
472 1143 598 1242 judicii
610 1144 860 1247 respondebo?
885 1149 968 1229 &2²

45 1262 83 1315 :e
93 1237 297 1337 superbiam
306 1239 474 1337 fugabis,
489 1240 515 1317 sr
531 1255 654 1320 autem
663 1243 701 1321 δέ
716 1247 808 1323 bene
823 1250 955 1347 egeris,

45 1360 115 1425 noc
143 1362 217 1415 non
241 1341 395 1439 propriis
428 1341 565 1419 viribus
582 1341 829 1425 ascribendum
852 1350 954 1446 puta.

45 1436 85 1515 Si
102 1449 230 1515 autem
246 1436 284 1514 dt
307 1442 533 1538 impudentia
553 1453 592 1517 te
615 1457 752 1531 vexet,
779 1468 888 1546 opera
914 1444 959 1525 dc

90 1636 233 1753 omalis
244 1637 322 1716 sum
338 1640 540 1756 obnoxius,
553 1636 673 1756 dequo
688 1642 792 1816 pasto
809 1647 953 1762 audebo

113 1757 185 1814 rrre
200 1759 243 1813 os
257 1737 410 1815 meum?
425 1739 677 1838 multiplicatae
702 1757 768 1819 unt
782 1760 953 1843 imquita-

110 1859 234 1925 meae,
259 1836 297 1913 δι
312 1863 385 1913 non
402 1837 477 1915 sum
488 1840 640 1936 dignae,
665 1836 750 1917 fixis
765 1844 882 1921 oculis
897 1846 954 1923 iu⁶
1100 1942 1103 1947 Ι

45 1549 196 2091 ἔφη
221 1550 284 1614 tua
304 1548 427 1616 tecum
443 1543 652 1639 expendens
676 1543 814 1621 dicito:
840 1548 953 1626 tantis

108 1937 139 2012 ri
157 1936 386 2013 altitudinem
401 1935 576 2016 coelorum
594 1938 665 2017 dee.

89 2036 155 2117 IX.
186 2036 336 2125 „Frater
361 2039 508 2134 quidam
529 2040 633 2115 vanis
658 2033 831 2138 superbiae
852 2037 983 2138 cogi-³

46 2135 247 2487 itionibus
254 2137 488 2235 impugnatus
505 2138 567 2214 sub
576 2138 732 2216 lebetem
748 2137 953 2220 succensam

84 2234 257 2332 bjiciebat
279 2259 428 2314 manum
445 2238 492 2311 fic
512 2236 631 2313 secum
651 2238 831 2337 loquens:
856 2241 954 2320 Ecce

137 2336 246 2411 ardes
265 2387 276 2422 ,
298 2335 373 2412 noli
387 2335 542 2434 amplius
565 2336 756 2433 superbire.

47 2434 566 2525 1-re„siinventusfuerit
596 2439 708 2514 frater
741 2429 952 2532 diligentius
1036 2486 1040 2497 ·
1135 2466 1139 2473 ·

140 2545 199 2610 tea
214 2534 412 2621 excolens,
447 2559 554 2611 nemo
583 2536 688 2614 illum
711 2545 951 2626 contemnat,
1075 2606 1079 2613 ,

118 2632 214 2710 tales
228 2633 414 2731 complesti
434 2647 604 2731 oportet,
633 2638 717 2734 quia
738 2636 777 2714 dt
795 2634 875 2711 Deo
890 2653 952 2714 ac·

86 2734 140 2831 pti
156 2733 236 2810 suut
253 2787 264 2822 ,
289 2733 525 2830 &colloquio
544 2735 663 2814 utiles.

47 2756 154 2945 er.
181 2833 332 2920 „Frater
348 2833 435 2910 dum
454 2835 499 2908 de
512 2837 680 2911 exeundo
698 2828 861 2912 caenobio
881 2824 953 2910 im·

47 2946 263 3123 egnaretur
296 2986 308 3019 ,
352 2934 581 3009 adducebant
631 2936 665 3010 ei
708 2933 953 3030 cogitationes

87 3032 253 3130 emplum
270 3032 432 3120 olerum,
445 3055 526 3128 quae
545 3032 608 3108 nisi
624 3034 951 3132 transplantentnr,
1084 3044 1089 3051 '

65 3155 115 3207 on
139 3131 313 3227 crescunt.
341 3132 413 3207 Sed
435 3132 497 3206 ille
515 3130 760 3231 respondebit:
774 3120 953 3227 numquid

47 3150 190 3343 lenitus
211 3231 336 3306 evellit
350 3229 591 3315 hortulanus,
620 3232 756 3329 quaein
774 3252 858 3311 area
876 3230 953 3305 sata
1029 3238 1034 3255 '

47 3341 133 3407 unt.
187 3330 271 3405 Elio
284 3329 393 3429 igitur
408 3329 448 3406 vde
462 3344 503 3406 tu
518 3350 613 3412 unus
623 3354 670 3406 ex
688 3332 782 3419 illie,
804 3330 954 3428 quinon

47 3428 260 3508 uellantur.
985 3490 988 3497 .

87 3527 175 3605 Xll.
207 3520 480 3619 „Chariliime,
515 3520 540 3601 si
568 3524 607 3602 in
637 3525 803 3603 coenobio
837 3520 951 3603 vitam

47 3626 204 3725 poietam
222 3627 401 3722 elegerin,
428 3650 474 3700 ne
501 3627 628 3702 dicas:
661 3626 778 3701 multa
803 3625 952 3721 quidem
980 3714 983 3719 ¹

47 3725 209 3806 nercede
243 3726 303 3804 hic
334 3727 459 3823 dego,
491 3738 530 3802 at
564 3726 666 3807 cibus
692 3747 798 3803 meua
828 3724 953 3799 nullus

858 3814 951 3937 „ert
