2400 4380
109 210 222 253 'U‘
290 196 606 352 'in'Jonams
692 283 707 318 ι
837 223 947 342 ὸοῖ
1084 221 1160 362 ..⁸-

58 426 201 507 1aquam
219 401 432 487 infrustuosa
457 410 668 487 remanebit
717 409 841 486 Nolite
859 411 924 513 de·
1010 484 1021 509 1,
1063 464 1069 478 ι
1134 430 1150 512 ‚⁸

60 512 156 608 icere
181 509 329 608 jonam,
363 512 528 587 medicus
551 508 715 586 veritatis
737 512 784 584 ad
806 531 923 606 aegro·

61 624 161 683 ntem
191 609 394 702 ingrediens
420 612 610 686 veritatem
632 609 824 704 praedicat,
849 634 923 686 non

58 706 239 783 trtimescit
262 709 308 781 ad
332 731 455 803 regern
472 729 690 807 properare,
723 707 759 784 &
782 708 922 784 cisuos

58 810 168 880 orbos
193 810 355 901 aperire,
377 808 415 882 &
441 810 503 907 ipsi
525 807 739 884 austeritatis
753 809 921 903 pharma-

58 929 103 980 rm
129 909 326 1002 propinare.
379 909 469 995 Quis
491 931 578 1004 ergo
600 904 811 982 mendacem
835 930 921 982 eum

58 1006 198 1101 melier,
224 1010 285 1100 qui
305 1006 397 1082 iram
422 1004 628 1104 praedicat?
653 1003 852 1079 fimendax
867 1005 920 1091 es·

58 1119 96 1191 t,
121 1106 232 1179 etiarn
259 1106 376 1180 verbis
392 1107 617 1181 adulatorem
635 1125 742 1199 agere
759 1103 918 1179 deberet

58 1218 175 1297 operat
208 1225 442 1301 quoscunque
470 1202 668 1289 medicos,
702 1226 817 1298 neque
840 1218 921 1278 tan·
955 1288 966 1299 „
1015 1262 1018 1275 .

58 1302 140 1377 dum
160 1302 305 1397 quidem
322 1307 425 1400 panis
448 1307 572 1382 vulta
597 1304 703 1379 nobis
716 1303 920 1398 porrestum
1014 1296 1022 1317 '

58 1401 233 1476 medere:
260 1401 286 1476 st
309 1401 422 1499 justus
447 1428 530 1480 cum
558 1404 600 1479 fit
621 1401 736 1502 Jonas·
752 1401 919 1499 jejunat,
978 1416 981 1429 '

58 1499 226 1576 adeamus
251 1500 371 1576 &nos
390 1502 579 1599 jejunare,
606 1504 776 1597 quoniam
794 1516 920 1597 pecca·

58 1600 211 1675 ivimus:
236 1599 260 1673 fi
288 1600 424 1677 santius
441 1615 525 1681 curn
543 1603 614 1688 fit,
646 1599 800 1695 rogat&
820 1599 932 1675 obse-

58 1713 128 1792 ut,
153 1701 264 1774 ctiam
289 1701 395 1779 nobis
418 1701 539 1778 saccos
564 1697 835 1803 substernamus.

58 1923 93 1995 4.
120 1898 328 1992 ,‚Surgens‚
345 1899 468 1995 itaque
485 1922 549 1973 rex
566 1898 770 1976 festinanter
786 1897 918 1975 vestem
928 1915 1046 1995 mnin-
1122 1918 1131 1935 ‘

58 2019 115 2070 am
134 1996 264 2093 abjecit
281 2020 515 2094 purpuream,
536 2023 580 2075 ac
594 2000 695 2074 sacco
715 1997 750 2071 ie
765 1998 1067 2094 vestivitsotootur.

80 2096 143 2170 alii
166 2099 275 2170 etiarn
309 2098 428 2172 saccos
467 2103 674 2193 gestarunt,
702 2095 740 2171 dc
765 2120 850 2171 cnm
871 2122 920 2172 eo
1045 2103 1052 2123 '
1143 2146 1146 2153 -

58 2195 217 2288 gebant3
242 2195 280 2270 dc
306 2219 371 2270 rex
400 2197 515 2272 emifit
535 2201 833 2279 concionatores,
857 2199 919 2293 qui
1094 2290 1096 2295 Ι

58 2295 150 2388 rique
166 2296 429 2390 praedicarent,
456 2311 497 2371 ut
513 2297 730 2372 unanimiter
742 2295 919 2390 poeniten·
974 2298 1008 2379 ‚'
1062 2352 1066 2361 .
1104 2334 1109 2347 ·

58 2415 107 2467 rm
124 2408 291 2488 agerent,
320 2396 356 2469 dc
377 2420 504 2469 omnes
527 2421 608 2471 cum
629 2394 804 2491 jumentis
827 2394 920 2492 jeju·
1005 2490 1008 2495 ¹

58 2505 155 2567 erent.
195 2492 351 2570 Videbat
379 2494 441 2568 istu
457 2495 595 2593 Jonas,
629 2494 667 2569 dt
684 2492 918 2570 vehementer
1104 2490 1108 2497 ’

58 2589 221 2689 diupnst,
247 2597 423 2688 caepitque
445 2594 613 2669 admirari
633 2582 918 2687 alienigenarinn

58 2692 112 2762 ios
143 2714 152 2764 ε
185 2691 332 2767 videbat
360 2693 454 2766 bona
480 2692 722 2769 Ninivitarum
746 2714 855 2787 opera
879 2691 919 2770 dc

58 2787 922 2890 rtutes,&illachrymanslugebatiuperAbrahae'

58 2911 158 2977 men,
187 2889 225 2963 in
242 2890 312 2963 fide
333 2887 589 2986 justificatum,
615 2892 653 2967 δι
678 2892 780 2989 super
802 2894 921 2970 semen
1059 2898 1067 2913 '
1098 2882 1109 2913 ⁸

59 2989 149 3067 cub,
173 2990 269 3083 quod
286 2990 502 3065 fornicatum
518 3003 596 3065 erat
611 3015 633 3065 a
650 2990 825 3067 Dominot
846 3016 923 3070 cer·
1003 3010 1007 3017 “

58 3086 128 3160 ebat
142 3088 407 3165 incircumcisos
424 3092 533 3165 corda
557 3091 776 3179 scindentes,
797 3090 835 3166 dt
853 3093 923 3168 cir·

58 3184 196 3260 rmciso‘s
233 3189 270 3262 in
309 3191 440 3264 duritia
479 3193 598 3264 cordis
620 3261 622 3265 ,
644 3188 922 3287 perseverantes.

58 3286 266 3378 rgnoscebat
283 3310 348 3362 rex
365 3287 608 3365 Ninivitarum
627 3290 922 3385 praedicationern

58 3404 83 3457 a
114 3384 160 3458 ob
193 3409 317 3462 eorum
343 3385 503 3462 'eveniffe
534 3410 710 3487 peccata,
745 3395 923 3490 praescidit

59 3480 181 3567 usam,
205 3484 242 3559 dt
258 3489 354 3562 maia
374 3488 522 3584 depulit.
551 3490 603 3565 At
613 3490 723 3591 Jonas
733 3507 922 3592 tamqnam

58 3581 127 3655 dex
140 3604 265 3678 poenas
282 3587 343 3661 srbi
365 3590 471 3682 pendi
486 3590 675 3683 poscebat,
695 3592 731 3671 dl
746 3593 922 3691 ieiunium

58 3678 98 3756 iis
134 3700 282 3780 peccata
315 3687 555 3766 condonabat.
621 3691 731 3792 Jonas
756 3695 923 3794 jejunat,

73 3825 82 3831 ·
817 3808 925 3888 ,jutanv
