2400 4380
10 330 14 345 .
71 289 75 295 .
149 220 199 309 dr
221 217 433 308 Sebismote
451 148 644 334 Donatifi.
671 154 764 307 tib.
786 214 840 309 V.
884 240 985 333 ,149
1038 190 1043 197 ⁵

42 405 238 505 mierum
260 403 467 501 baptisma,
500 402 585 479 date
611 402 764 479 aiteram
790 400 924 479 fldem:
956 400 983 479 ii
1114 410 1119 417 '

48 504 175 601 „datis
194 503 349 579 aiteram
365 501 502 592 iidem,
527 492 612 578 date
636 503 673 577 dc
697 502 849 577 alterum
876 501 983 577 Chri·

51 604 170 701 „iton
189 625 202 677 ε
228 599 801 685 finatis&alteromct11istum‚
819 602 904 677 date
926 600 982 675 ai-
1074 614 1077 624 '

55 716 200 801 „terum
226 701 373 790 Deum,
396 699 456 776 sed
480 723 592 780 onum
616 700 735 777 Deum
763 699 830 775 effe
850 721 991 797 negare
1074 776 1081 789 ,

55 826 153 897 „non
167 798 319 901 potestis
338 824 349 878 z
373 801 470 895 Ergo
484 825 551 877 nec
567 824 679 877 unum
695 800 885 898 baptisma.

121 1024 159 1097 3.
189 999 329 1089 „Porto
353 1002 390 1077 in
410 1001 480 1077 hoc
494 998 728 1079 Sacramento
752 997 979 1100 baptismatis
990 1010 1075 1078 Deos
1090 1014 1137 1083 to·

50 1097 298 1194 „celebrando
319 1114 393 1175 tres
408 1101 475 1175 eiie
496 1101 627 1197 species
648 1102 809 1190 constat,
836 1121 926 1195 quas
942 1098 979 1173 dt
990 1107 1043 1164 vot
1058 1103 1091 1197 ajo

10 1199 15 1285 J
53 1220 145 1291 „roo
162 1216 233 1275 neo
248 1222 402 1294 angere.
428 1223 495 1274 nec
511 1201 672 1275 minuere
686 1225 752 1275 nec
767 1198 977 1298 praetermio
989 1183 1136 1283 bapasna

10 1310 23 1399 ἵ1
41 1308 155 1389 .„tcre
165 1299 346 1395 poteritis.
373 1299 493 1375 Prima
509 1298 608 1376 estin
625 1301 816 1391 Trinitate;
830 1289 1050 1373 secundam
1067 1268 1158 1333 Μ’

10 1408 14 1437 '
55 1397 115 1489 „in
136 1398 312 1473 credente
331 1451 342 1485 ‚
364 1400 472 1475 tertia
485 1400 522 1474 in
540 1412 728 1495 operante:
746 1401 829 1475 duae
846 1352 1057 1495 prioresfl‘'·

51 1496 326 1589 ‚dmmutabiles
340 1496 378 1575 dt
403 1498 539 1596 semper
559 1500 757 1574 oeceffariae
775 1499 879 1584 sunt,
904 1519 984 1591 per·

53 1594 161 1687 „iona
177 1618 268 1671 vero
286 1598 469 1693 operantis
485 1597 558 1673 iola
577 1600 718 1672 videtur
742 1598 811 1672 eiie
826 1595 983 1671 mutabi-

57 1692 148 1787 „iin,
168 1718 292 1792 neque
312 1699 410 1773 enim
426 1719 520 1771 nnus
538 1698 647 1773 homo
670 1697 742 1782 est,
763 1697 823 1792 qui
847 1697 984 1792 semper

10 1816 22 1882 ς’
60 1806 144 1889 „tut
178 1796 319 1891 ubique
357 1797 526 1891 baptizat
576 1796 668 1871 Cum
711 1819 797 1891 ergo
827 1793 984 1869 videatis

10 1932 19 1977 .-
61 1916 207 1986 ‚mnes
236 1896 299 1989 qui
317 1896 520 1992 baptizant.
542 1896 723 1990 operarios
743 1895 899 1971 essenon
916 1892 984 1967 do·

10 2008 28 2217 p
56 1992 228 2083 ,.miooa,
250 1993 291 2070 dt
312 1994 544 2071 Sacramenta
567 2017 629 2093 per
642 1994 675 2067 se
695 1994 762 2069 effe
778 1993 894 2069 santia
907 2015 983 2069 non

54 2112 140 2189 „per
153 2092 328 2168 homines
347 2147 356 2177 ‚
383 2095 470 2191 qnid
494 2092 567 2179 est,
590 2092 686 2190 quod
711 2094 982 2168 nobistantum

10 2227 28 2279 a
53 2190 294 2283 „vindicatis,
317 2192 354 2269 dt
373 2192 490 2269 Deum
510 2216 531 2267 a
550 2194 757 2268 muneribus
772 2192 842 2269 suis
857 2190 981 2271 exclu-

43 2290 162 2381 ¹„dere
186 2291 450 2369 contenditis?
482 2291 580 2368 Deus
606 2293 728 2379 lavat,
754 2317 827 2367 non
856 2291 978 2365 homo.

10 2448 12 2453 .
44 2387 235 2481 .„Looabis
251 2418 321 2476 me,
337 2390 378 2466 ib
387 2390 487 2490 saper
511 2394 615 2465 nivem
633 2389 809 2467 dealbabor
828 2391 877 2465 ait
894 2390 982 2465 Pro·

10 2529 18 2552 =
50 2490 192 2587 „pheta
229 2489 285 2587 1>st
316 2515 372 2584 50.
433 2491 614 2578 Quamdiu
647 2491 792 2566 dicitis:
822 2490 982 2584 quinon

49 2590 194 2683 „habet
220 2641 232 2674 ‚
257 2592 353 2687 qnod
379 2591 440 2665 det
464 2642 475 2675 ,
510 2589 693 2686 quomodo
721 2591 784 2664 dat
810 2586 831 2662 2
862 2588 984 2663 ridete

10 2700 13 2723 ²
33 2688 284 2782 .„Dominum
300 2689 368 2789 elie
380 2691 565 2773 datorem,
586 2688 704 2763 videte
722 2689 838 2765 Deum
853 2710 984 2762 unom-

50 2810 263 2885 ,‚qnemque
279 2789 482 2875 mundate,
509 2788 628 2862 sordes
653 2789 748 2863 enim
771 2787 905 2863 mentis
928 2786 982 2862 ia·

51 2909 167 2981 „vare
183 2900 256 2961 non
273 2886 385 2984 potest
406 2887 469 2962 nist
487 2887 585 2962 Deus
608 2941 618 2974 ,
641 2889 702 2981 qui
720 2886 912 2967 fabricat-or
932 2882 982 2961 eit

10 2980 17 3107 j
53 2987 231 3077 „mentia
278 2985 355 3061 Aut
379 2985 582 3084 stputatis‚
612 2988 694 3081 quia
717 2988 898 3064 lavacrum
919 3007 982 3057 ve·
1046 3000 1050 3015 ¹

38 3146 41 3155 .
52 3085 193 3179 „lirum
211 3083 281 3171 est,
306 3086 415 3161 dicite
435 3139 445 3171 ‚
467 3086 584 3181 quatis
600 3083 647 3158 est
663 3085 734 3179 ipsa
752 3106 882 3159 mens:
911 3082 982 3158 hoo
1108 3106 1120 3137 ·

58 3186 227 3276 „homini
256 3184 342 3259 scite
370 3197 540 3279 negatum
570 3181 646 3257 est:
681 3185 777 3278 Ergo
800 3183 984 3279 quomodo

53 3298 190 3383 „putas
215 3336 226 3367 ‚
258 3285 343 3380 qnia
374 3284 505 3373 lavas,
536 3284 596 3378 qui
619 3281 758 3367 nescis,
782 3284 888 3379 quale
911 3279 983 3369 fit,
1098 3327 1104 3344 ·

10 3379 15 3439 ’-
55 3384 183 3480 „quod
199 3380 336 3459 ianas?
361 3383 460 3459 Deus
479 3379 610 3455 dealbat
634 3381 679 3480 Ifi
713 3410 743 3458 1.
766 3408 798 3457 v.
821 3396 876 3467 18.
907 3379 983 3475 ipse
1141 3394 1144 3405 ·

57 3507 206 3577 ‚mquam
232 3481 293 3557 dot
308 3479 418 3582 pynon.
443 3508 477 3579 4.
500 3506 532 3557 o.
559 3506 572 3555 r
580 3507 614 3574 3.
657 3480 732 3577 ipse
755 3483 846 3563 dat,
874 3478 983 3576 ipsius

54 3581 163 3671 ,‚est‚
186 3583 431 3676 quadratur,
458 3580 544 3676 quid
564 3578 641 3668 est,
665 3579 761 3677 quod
785 3579 887 3654 vobis
904 3593 983 3655 tota

50 3681 355 3783 ..importunitate
369 3681 550 3758 vindicare
568 3678 797 3755 contenditis·

494 3776 575 3873 K3
786 3804 822 3875 4.
848 3776 985 3868 „Eam
