2400 4380
281 222 369 320 590
446 246 451 256 ¹
567 197 942 320 srphraemspi
1009 219 1044 286 .’

86 416 103 431 ·’
152 442 157 463 r
281 411 398 484 „vero
421 396 570 487 atergo
589 411 754 486 genuum
779 394 1018 465 curvaturam
1041 386 1114 464 calc

283 484 442 589 „deinde
456 512 529 565 una
545 513 656 567 mann
666 511 817 597 'comam
832 486 935 585 pueri
956 489 1007 565 a'd
1024 485 1114 577 sese:

283 611 426 687 „quens
448 587 572 685 aspicit
594 589 727 667 faciem
751 586 849 674 isaac
873 586 912 663 in
937 609 1026 663 eum
1044 588 1114 663 mis

283 689 395 779 „liter
409 684 631 785 respicientis
647 740 659 775 ,
685 688 868 783 istumque
884 686 1114 784 expedientis

143 800 146 809 '
284 800 450 878 „matm
474 800 605 883 antem·
622 786 746 884 gladio
779 785 921 861 habens
950 784 1114 864 dextera

68 954 71 971 ι
282 897 429 977 „tentat
458 910 615 980 necem,
647 885 686 963 dc
711 884 789 985 jam
815 885 956 984 gutturi
985 888 1088 965 acies

79 1030 86 1087 ;
283 984 535 1077 „imminebat
727 992 733 1015 ”

106 1186 271 1279 amp„
360 1186 397 1277 ’5,
421 1182 561 1271 „Porro
577 1191 665 1257 tunc
693 1180 868 1259 divinitus
894 1180 1023 1274 audita
1048 1203 1114 1258 vor

107 1284 266 1377 &cerdon
286 1281 503 1375 ,Abraham
519 1280 530 1355 i
556 1303 602 1356 ne
618 1277 760 1379 injicias
775 1303 923 1357 manum
943 1282 982 1357 in
997 1281 1114 1367 Isaac,

285 1404 383 1477 „ego
399 1380 575 1475 cognovi,
589 1381 687 1478 quod
703 1382 835 1457 timeas
853 1380 1076 1468 Dominum,
1092 1381 1114 1458 d

107 1548 112 1561 ,
135 1556 142 1582 Ι
284 1478 499 1578 „pepercisti
526 1478 657 1555 diserto
675 1478 768 1557 Filio
785 1493 849 1556 tuo
867 1492 1013 1578 propter
1028 1505 1112 1559 me:

285 1582 408 1674 „aries
428 1578 626 1675 colligatos
649 1578 698 1655 est
719 1581 758 1656 in
775 1579 899 1677 planta
922 1581 1069 1669 Sabec,
1101 1605 1114 1657 a

221 1692 226 1705 “
285 1676 456 1773 „dcoffor
473 1677 577 1754 illum
593 1701 658 1777 pro
671 1677 790 1769 Isaac,
811 1691 853 1755 ut
871 1680 1003 1755 certior
1019 1679 1108 1768 fias,

142 1778 167 1869 ,¹
285 1778 522 1877 „susceperim
538 1802 607 1873 ego
628 1777 836 1854 sacrificium
856 1776 973 1855 tuu'm.
1000 1779 1100 1854 Deus

286 1878 388 1974 „sola
405 1890 599 1955 contentus
613 1876 686 1952 fuit
698 1878 886 1953 voluntate
902 1877 1114 1958 fideliffimir

286 1979 430 2071 „ham,
454 1973 493 2053 dc
512 1975 605 2075 dixit
624 1978 772 2052 adeum
791 2000 800 2052 ε
831 1975 1015 2051 benedicens
1039 1977 1114 2054 bena

286 2076 377 2171 „tibi
386 2128 398 2163 ‚
423 2075 464 2152 ss
479 2075 582 2150 mults
597 2077 701 2152 licam
718 2075 1029 2176 mulplicobosemm
1042 2091 1114 2155 trun

285 2177 421 2276 ‚peltas
445 2175 519 2248 corsi
543 2101 626 2250 Gen.
645 2201 703 2252 22.
732 2176 887 2271 ideoque
900 2177 1108 2274 mysterium

284 2297 486 2370 „magnum
512 2272 665 2348 ostendit
686 2274 868 2377 Abrahae,
891 2301 978 2354 nam
1002 2302 1066 2373 per
1087 2282 1114 2354 sa

282 2376 409 2468 „cium
434 2372 525 2449 istud
547 2373 711 2448 sacerdos
737 2375 856 2471 ¹fadus
879 2376 928 2450 est
950 2432 959 2459 ,
984 2376 1023 2453 dc
1043 2380 1079 2453 in
1101 2379 1114 2452 s

282 2473 525 2572 „prophetam
542 2472 654 2569 ipsum
667 2474 775 2563 fecit,
794 2476 1041 2572 indicavitque
1057 2479 1114 2551 eii

281 2575 408 2670 „quod
439 2571 478 2648 dc
511 2572 584 2668 ipse
613 2571 748 2647 Filium
780 2574 879 2648 suum
903 2578 1114 2671 unigenitutr

280 2672 446 2765 „mundo
466 2672 620 2745 daturus
637 2671 745 2759 esset,
777 2686 818 2747 ut
833 2675 878 2747 ab
898 2677 1078 2751 erroribus
1099 2699 1114 2772 g

224 2778 228 2797 '
280 2769 1114 2864 ,‚salvethumanum,indeitatehumanamcar

278 2872 496 2962 „assumens
557 2869 652 2943 illud
676 2874 807 2970 quippe
846 2872 1093 2965 fignificabat,

278 2993 414 3060 „ovem
434 2991 498 3067 pro
517 2967 615 3044 Isaac
637 2968 766 3056 dedit,
792 2985 835 3046 ut
852 2970 1041 3047 offerretur
1056 2975 1114 3063 ini

277 3069 455 3159 „ficium2
479 3091 565 3143 nam
592 3090 676 3143 cum
701 3070 815 3145 sutori
832 3071 942 3145 effent
968 3072 1114 3148 homine

276 3167 469 3259 „creduii,
496 3169 558 3262 qui
597 3165 707 3242 fidem
745 3195 818 3243 non
859 3172 1062 3266 praeberent
1093 3197 1114 3270 p

276 3264 535 3356 „Sanfflffimae
567 3264 760 3360 Virginis,
795 3291 866 3365 qua
886 3271 1028 3344 ratione
1054 3290 1113 3370 pot

274 3364 375 3455 „sine
388 3364 664 3451 virilicontadu
680 3368 889 3464 concipere,
905 3371 1042 3443 idcirco
1060 3396 1106 3444 ex

71 3546 73 3557 ¹
274 3465 453 3552 „arietem
495 3465 671 3552 roduxit,
697 3481 739 3539 ut
759 3469 857 3564 quod
881 3470 1114 3544 admirabiles

135 3647 138 3650 ,
272 3587 348 3652 „ex
367 3565 436 3637 hoc
455 3485 563 3638 sde'm
590 3564 781 3660 acciperet.
835 3569 941 3644 Sicut
960 3593 1046 3665 ergo
1063 3569 1112 3644 ibi

233 3688 236 3693 ·
272 3663 411 3755 „verbo
433 3662 568 3763 divinoe
593 3663 794 3745 voluntatis
818 3670 899 3746 ovis
933 3671 973 3747 in
1000 3690 1114 3746 rerum

1092 3820 1114 3861 'i
