2400 4380
170 132 329 305 '430
525 144 888 307 S.EpspraemSyri
946 238 949 245 ,

24 384 27 393 '
105 396 108 403 ’
243 394 347 467 ’,,ιιοιι
361 368 539 468 Eiisaeus,
563 394 635 445 nun
652 369 839 470 Joannes,
863 392 937 445 uon
962 367 1019 466 qui

177 505 179 517 ¹
243 469 402 565 „castam
444 469 625 545 servarunt
658 490 804 561 carnem
836 468 935 543 suum
962 467 1062 561 Deo,

99 614 103 623 ·
243 591 389 664 „neque
411 567 485 741 ¹ipse
508 569 695 644 continens
717 566 833 642 fuiffet
855 565 1073 667 Apostolusp

92 736 95 741 .
244 666 408 764 „respexi
435 680 471 743 et
485 668 522 742 in
536 668 804 742 retributionem
817 666 1004 742 mercedis.
1023 666 1073 745 Ne

221 782 224 787 ·
245 778 332 861 „tur
350 764 546 841 dixerimus
564 790 573 840 :
596 778 634 841 nt
649 766 702 840 ilii
714 762 954 863 justisueiunt
967 817 979 853 ‚
994 787 1057 861 ego

245 877 441 962 „peccator
458 863 532 939 sum
541 888 551 958 ;
566 863 646 961 juiii
661 860 831 960 siquidem
848 862 1065 951 evaseruut,'

248 963 389 1056 „sansie
403 962 611 1066 praesentem
628 961 865 1058 transegerint
880 964 1012 1048 vitam.

245 1048 371 1155 „eniin
393 1061 469 1150 est,
493 1063 589 1160 quod
611 1061 648 1139 dt
670 1060 732 1159 ipsi
761 1061 957 1158 oppugnati
976 1059 1042 1137 sint

245 1182 384 1258 „quam
411 1184 554 1236 carnem
578 1160 895 1257 circumferentes,
927 1182 1049 1238 verum

247 1270 398 1364 „terunt
417 1259 552 1337 strenue
571 1314 581 1345 ‚
602 1261 656 1336 uti
673 1258 865 1358 Apostolus
884 1246 1092 1375 diceusresp

246 1383 391 1457 „corpus
403 1385 503 1435 meum
523 1388 554 1437 1.
575 1359 651 1435 Cor.
671 1387 704 1456 9.
737 1358 832 1446 Quid
847 1380 932 1455 ergo
950 1358 1092 1457 audiun

91 1549 94 1556 Ι
246 1455 345 1549 „lius
358 1458 512 1547 nubere,
535 1457 744 1555 quanm,
767 1456 805 1533 δι
825 1456 1044 1541 nouandis,
1064 1478 1092 1635 p

248 1554 439 1651 „adjungit
451 1558 598 1632 dicens:
624 1558 680 1654 qui
701 1555 815 1632 iubent
835 1581 982 1643 uxores,
1002 1557 1066 1654 stet

33 1681 50 1753 Ἰ
94 1705 111 1727 -.
248 1677 373 1750 ,annm
381 1680 445 1729 nun
460 1653 616 1731 habentes.
641 1682 670 1731 1.
688 1655 764 1731 Cor.
783 1679 817 1753 7.
841 1646 1092 1751 Quaproptere'

142 1800 145 1807 ·
248 1750 448 1848 „spreveris
472 1755 599 1835 illum,
624 1753 798 1852 qui‘hanc
818 1753 883 1829 tibi
904 1753 1092 1850 impertitur

249 1852 430 1946 „gratiam
461 1879 533 1928 cum
561 1855 755 1951 impressione
787 1876 936 1927 manuum
960 1850 1092 1953 Presbyt

248 1975 313 2041 „1.
325 1948 409 2027 Tim.
427 1976 462 2048 4.
499 1952 572 2028 Sed
588 1951 697 2027 redde
708 1951 863 2026 Domino
878 1961 965 2026 vota
982 1963 1092 2049 tumr]

15 2112 19 2121 .
97 2068 101 2093 ³
219 2046 373 2139 „niam
399 2051 510 2126 melius
539 2053 600 2150 esi,
629 2077 693 2125 non
715 2075 858 2136 noune,
890 2074 989 2146 qnam
1012 2077 1075 2129 urus

246 2147 360 2239 „ueris
379 2155 442 2222 non
464 2150 594 2225 reddere
617 2149 715 2223 Dent.
742 2174 798 2244 23.
814 2147 856 2224 ss
885 2148 987 2225 Prcv.
1010 2174 1037 2242 5.
1065 2148 1092 2226 C

248 2243 386 2335 „tende
405 2298 416 2330 ,
438 2260 479 2322 ut
496 2247 636 2323 cursum
664 2259 768 2323 tuum
784 2247 978 2344 perficias,
1008 2247 1043 2324 dt
1064 2271 1092 2323 cr

249 2366 362 2433 „uam
378 2342 520 2439 justitiae
535 2346 688 2440 accipias
705 2369 727 2420 a
743 2346 919 2435 Domino,
933 2344 1092 2423 cuierthc

240 2439 317 2559 „de
330 2441 446 2541 gloria
459 2445 497 2521 iu
518 2443 647 2521 saecula
663 2443 882 2542 saeculorum.
911 2443 1047 2539 Amen,

394 2738 398 2743 .
473 2671 927 2754 ·APOLOG1A.
1066 2730 1070 2741 ,

280 2823 351 2920 Ad
355 2823 534 2940 fratrem
555 2830 758 2956 quemdum
779 2829 920 2919 deHeir'
936 2826 1092 2920 Sacerdu

33 3007 35 3010 .
80 3044 290 3124 mrum
321 3040 474 3172 „Cum
495 3036 677 3136 Scriptura
693 3038 738 3114 de
754 3039 839 3117 Heli
863 3039 1092 3117 Sacerdotes

79 3136 241 3237 infidam
390 3183 393 3189 s
435 3137 588 3227 „setun
608 3139 706 3235 quod
722 3137 803 3215 Filii
819 3138 895 3236 ejus
912 3136 1092 3215 maledices

72 3218 160 3307 sim·
255 3236 390 3334 „Deo'‚
415 3236 556 3334 ipseque
572 3262 644 3312 nou
659 3238 869 3335 corripuerit
884 3259 974 3327 eos,
995 3258 1092 3335 quun

103 3340 106 3347 '
254 3359 368 3432 „ergo
393 3337 598 3433 reperitur,
635 3336 784 3411 eosdem
820 3339 865 3413 ab
892 3362 936 3411 eo
968 3336 1092 3412 admon

207 3533 208 3536 p
254 3432 383 3530 „fuisse
411 3433 449 3510 dr
471 3444 665 3530 correptos.
716 3435 953 3532 Respondent
986 3433 1071 3511 Heli

256 3534 373 3629 „dem
392 3533 643 3632 uuuprobavit
659 3533 752 3630 ipsos
776 3535 846 3610 hoc
863 3533 1057 3621 facientes,
1079 3554 1092 3608 r

210 3644 221 3663 '
258 3655 368 3730 „men
392 3632 556 3736 potuisset
578 3631 684 3713 facile
707 3633 900 3736 reprimere
921 3633 1088 3725 malum,
