2400 4380
171 300 173 303 ·
235 228 625 379 ..nabun
688 310 691 319 -
757 260 943 371 crs„
1018 217 1038 256 ⁵
1098 200 1106 207 ’

56 441 70 493 1
84 440 129 493 cc
145 413 405 508 accedentem,
423 442 504 494 non
519 429 643 495 umen
655 417 731 496 ulla
746 418 821 521 ipse
834 424 896 496 co*-
1066 506 1074 517 ἱ

56 541 92 592 us
120 515 348 605 necestitate,
373 518 534 615 alioquin
564 520 660 593 enim
685 542 778 617 opus
803 518 896 597 alte·
925 540 928 547 ’

56 641 71 690 s
105 615 221 700 effet,
261 617 299 693 dc
325 642 398 692 non
432 616 541 715 ipsrps
573 616 672 703 Dei,
711 618 896 697 neceffitas
917 640 927 655 ”

56 739 92 790 m
111 715 260 788 liberam
279 716 439 793 excludit
459 717 707 821 voiuntitem3
732 717 769 792 &
784 716 814 799 fi
832 743 896 816 vo·
1035 780 1039 787 .
1067 724 1091 771 -’

58 828 116 889 tas
133 813 239 909 ipfius
258 813 452 892 neceffitati
471 814 658 913 conjuniia
676 817 779 904 edet,
800 841 896 895 coae·

56 935 253 1087 utaquoque
266 914 386 992 forent
403 916 457 1008 ei,
476 937 558 1016 quae
571 916 617 992 ab
631 914 704 1013 ipio
721 913 801 992 sunt
813 940 895 1016 pro·

56 1036 77 1086 a
119 1063 127 1084 .

56 1240 74 1301 ;.
95 1208 288 1297 ‹‚,Praebuit
297 1209 407 1307 igitur
418 1208 545 1295 nobis,
562 1211 660 1308 quod
675 1231 802 1307 capere
818 1208 892 1308 pos·
907 1217 1048 1304 caused..
1091 1304 1096 1311 ι

56 1331 143 1394 nus,
165 1308 202 1384 δι
226 1311 394 1406 quoniam
416 1311 603 1405 praevidit,
623 1306 715 1386 nihil
744 1324 868 1386 eorum
885 1303 1055 1403 ‚fiadfflss

56 1408 227 1497 eiecit,
270 1408 382 1506 ipsum
413 1431 541 1505 capere
567 1409 687 1507 poiie,
726 1409 897 1507 produxit
910 1389 1057 1463 Y'immr

56 1509 153 1591 ium,
176 1506 247 1582 sinc
267 1509 440 1606 principio
462 1532 509 1582 ex
532 1508 719 1585 substantia
737 1507 827 1596 sua,
858 1506 898 1584 dc

56 1608 172 1681 tritum
217 1607 387 1683 Sanctum
424 1632 496 1682 non
527 1633 572 1682 ex
604 1607 806 1683 ncceffitate
838 1606 899 1683 vel
995 1652 1000 1659 ·
1033 1648 1037 1661 .

56 1705 102 1781 rsa
130 1704 280 1803 aliqua,
313 1721 356 1782 ut
376 1707 549 1783 bonitatis
574 1707 680 1804 ipsius
704 1708 921 1806 plenitudi··

56 1829 81 1878 n
113 1807 302 1901 acciperet.
356 1806 538 1882 Caeterum
562 1807 717 1903 Spiritus
747 1807 904 1882 Sanetus

56 1928 70 1976 ι
97 1905 239 1999 genitus
258 1906 327 1992 eii,
360 1904 420 1978 sed
450 1907 611 2002 proceffit
634 1930 682 1982 ex
710 1900 903 1982 substantio

56 2003 114 2077 :ris
148 2029 220 2077 non
246 2005 473 2100 imperfectus
502 2027 617 2101 neque
654 2005 901 2103 promiscuus,

56 2127 67 2175 ι
88 2103 183 2176 enim
200 2101 308 2176 modo
325 2104 433 2179 Pater
450 2102 526 2189 est,
552 2106 662 2181 modo
681 2103 816 2189 Filius,
840 2103 901 2178 sed

56 2202 150 2275 ritus
169 2201 321 2277 Sandtus
350 2202 610 2299 plenitudinem
636 2204 773 2277 habeus
797 2202 900 2305 boni·

56 2301 105 2387 ic,
130 2300 167 2376 dt
178 2303 216 2374 in
234 2302 474 2376 testimouium
492 2303 666 2377 bonitatis
679 2301 898 2403 procedens,

58 2398 163 2474 asine
181 2400 256 2474 ulla
274 2402 545 2497 perturbatione
559 2416 722 2497 tempore
738 2412 802 2491 cut
817 2423 900 2475 mu·
1013 2444 1016 2449 ·

56 2502 133 2573 ione
153 2498 190 2573 &
204 2499 275 2573 alia
294 2499 400 2575 causa
413 2500 520 2574 Pater
536 2499 667 2575 Filium
680 2499 825 2596 genuit,
838 2498 898 2575 sed

56 2619 125 2673 :ura
149 2598 194 2673 ab
217 2600 315 2672 omni
340 2611 493 2693 cogente
521 2613 671 2675 externa
695 2596 899 2695 neceffitate

56 2707 155 2782 nota,
180 2719 288 2791 qnam
304 2698 476 2793 persuum
491 2696 897 2795 constituithypoflasrn,
974 2754 979 2768 .
1093 2764 1096 2771 .

56 2818 177 2892 imque
195 2796 301 2870 Pater
322 2798 522 2871 consortem
547 2798 673 2873 volens
690 2822 763 2901 non
786 2819 895 2894 quem

56 2897 149 2984 ruit,
181 2893 241 2968 sed
263 2895 433 2991 produxit
452 2897 626 2992 Spiritum
652 2895 822 2979 Sanctum
848 2920 895 2971 ex

56 2993 186 3068 *flantia
212 2992 272 3067 sun
309 2992 523 3092 (spirando)
547 3022 619 3071 non
644 3011 729 3072 unte
752 2994 896 3071 Filium.

56 3104 97 3166 ut
109 3105 232 3168 autem
241 3091 372 3167 Filium
383 3118 558 3187 generans
567 3094 657 3171 stcut
668 3093 897 3192 seipsumsrne
1007 3166 1010 3173 .

56 3191 262 3267 turbatione
294 3193 353 3268 seu
385 3190 538 3290 paffione
570 3196 723 3290 genuit,
758 3193 809 3268 ita
830 3208 898 3268 nec

56 3291 208 3366 ninutus
225 3289 273 3364 est
299 3294 516 3387 procedente
531 3292 669 3391 Spiritu
685 3290 836 3377 Sancto,
858 3293 897 3369 δι
946 3380 949 3385 ,
992 3380 995 3387 ,

56 3389 92 3463 >d
113 3389 187 3488 post
204 3389 334 3465 Filium
351 3390 524 3487 Spiritum
534 3393 572 3468 S.
584 3395 758 3477 dicimus,
774 3394 811 3467 id
824 3396 897 3469 ¹non
1067 3392 1071 3405 ’

56 3491 169 3585 rporis
184 3487 243 3563 sed
260 3487 419 3585 personae
436 3490 484 3565 est
500 3492 794 3586 significativum,
814 3516 898 3567 cum
1062 3542 1069 3565 .-

56 3587 205 3663 ritus&
223 3587 331 3664 Verbi
355 3613 431 3664 unu
456 3590 493 3665 &
518 3593 645 3667 cadem
670 3590 715 3665 fit
739 3590 904 3689 principii
992 3682 995 3687 ἱ
1038 3659 1041 3664 .

56 3709 124 3766 »ers
146 3686 290 3773 effentia
314 3686 352 3765 dc
377 3687 596 3767 substantie:
630 3688 902 3791 quapropter&
991 3708 994 3713 ·

187 3819 191 3827 ·
260 3804 265 3813 ·
449 3802 454 3811 ·
492 3800 500 3813 ’
655 3804 664 3811 ··
780 3810 921 3882 „conen
