2400 4380
14 232 25 339 [
122 348 125 354 “
227 226 320 333 με
432 132 885 337 ’.Πρὴνιεπίδγνὶ-

117 460 121 471 .
231 396 456 497 „contende5
486 396 737 474 maledicentia
760 405 884 471 autem
908 392 971 483 uel
984 390 1140 492 jusjuran

232 501 348 595 „duno
369 522 436 573 nec
456 499 661 574 nominetur
681 496 718 572 in
738 493 849 570 labris
866 494 953 569 tuis.
981 493 1140 587 Caeterum

187 653 189 657 -
231 597 407 695 „humilia
425 597 524 683 esto,
549 596 587 672 dr
607 597 644 672 iri
662 595 760 670 omni
775 607 839 670 tua
854 590 1076 690 responsroue
1090 595 1143 674 hoo

232 700 437 792 „verbumz
462 696 615 796 ignosce:
639 695 840 797 adhibeto,
866 705 909 768 ut
930 692 1078 768 inutiles
1096 695 1139 770 iae·

144 801 148 811 ’
235 798 337 889 „culi
358 819 478 873 mores
496 799 562 872 abs
578 809 616 871 te
639 794 786 871 evellas.
814 793 975 871 Veniens
991 796 1142 890 porroet

38 932 41 939 ·
106 958 111 975 .
231 895 540 990 „monasterium,
572 919 619 970 ne
638 917 796 980 aurum,
820 905 1012 989 argentum
1034 891 1100 967 veit

83 1036 86 1043 ·
114 995 123 1005 ”
208 1026 213 1053 1
232 1018 331 1096 „que
348 995 553 1081 deuteres,
576 1016 702 1069 verum
717 990 843 1092 cundia
857 995 895 1066 in
913 992 1048 1091 coeium
1064 1015 1092 1092 ‚p

38 1170 45 1193 ,
233 1097 412 1189 „mittens
460 1092 654 1169 secundum
693 1091 894 1167 Salvatoris
937 1091 1045 1166 nostri
1081 1091 1130 1190 Jei

103 1188 106 1193 ⁵
233 1193 390 1288 „Christi
412 1205 630 1292 praeceptum
650 1189 814 1267 haectibi
830 1191 1007 1287 acquire,
1032 1188 1136 1266 fidem

234 1295 539 1391 „temperantiam
558 1347 569 1382 ‚
593 1291 804 1390 patientiam
825 1343 835 1374 ‚
862 1290 1103 1365 humilitatem

234 1392 421 1490 „reliqua‚
437 1392 476 1483 dt
494 1393 595 1467 Deus
611 1416 658 1466 ex
675 1391 736 1464 sua
752 1391 973 1485 benignitate
991 1390 1107 1487 praebe
1125 1388 1134 1407 '

174 1578 177 1587 .
234 1492 330 1586 „tibi
341 1544 355 1584 ,
378 1493 437 1568 cui
453 1491 568 1588 gloria
587 1492 624 1567 iu
641 1489 851 1567 saeculorum
867 1487 1010 1565 saecula.
1032 1487 1121 1565 Ama

402 1676 876 1789 nnunuusrs
932 1680 1114 1766 ursus

439 1813 513 1906 Ad
529 1814 735 1905 Monochos
760 1814 958 1906 Novirios.

53 1972 196 2081 Nm,
236 1977 403 2116 „Siquis
435 2000 541 2058 ama
594 2006 615 2058 a
645 1977 773 2064 saeculi
794 1985 878 2060 vani
902 1978 1116 2060 er'ristimatio

43 2098 88 2185 stt
104 2097 225 2163 amas
332 2082 406 2171 „ad
423 2083 555 2156 Nionac
582 2094 683 2162 atum
708 2083 911 2170 accederit,
945 2081 1095 2180 seipsum

53 2179 180 2279 Qube·
236 2183 481 2277 „arrogantiae
497 2183 664 2257 daemone
679 2183 854 2259 custodiat
872 2195 1042 2281 oportet,
1068 2182 1133 2257 ne'

53 2264 153 2335 W·
233 2277 425 2376 „spiritum
458 2280 630 2378 superbiae
653 2282 691 2360 do
718 2282 972 2357 inobedientiae
998 2283 1135 2357 incidat

233 2380 395 2477 „fibique
420 2380 678 2456 detrimentum
704 2381 856 2458 adferat.
907 2381 993 2456 Non
1017 2382 1085 2456 tibi
1129 2381 1137 2399 ‘

233 2479 304 2575 „sit
326 2479 441 2577 pudor
462 2534 472 2568 ,
499 2480 597 2576 quod
619 2481 680 2555 sub
697 2481 901 2557 obedientia
918 2484 1021 2556 vivas
1037 2481 1076 2556 in
1093 2479 1124 2554 D

232 2580 391 2672 „mium
422 2601 538 2675 neque
556 2583 707 2677 propriis
731 2582 888 2678 opereris
907 2581 1079 2656 manibus
1102 2581 1122 2656 b
1152 2654 1155 2659 .

41 2772 46 2777 Ι
186 2738 189 2743 .
232 2700 377 2772 ,‚num,
401 2701 486 2752 narn
508 2682 641 2774 exigua
664 2678 1123 2776 ista'angustia‚‚quamD

109 2781 112 2787 ’
232 2778 349 2871 „mini
365 2779 470 2853 causa
484 2778 620 2863 toleras
638 2832 647 2865 ,
672 2782 786 2855 vitam
804 2781 870 2855 tibi
888 2793 1122 2854 aeternamm

232 2876 420 2969 „ciliabim
446 2878 578 2973 exigua
596 2880 754 2974 praebes,
781 2879 819 2958 dt
836 2878 969 2974 magna
985 2880 1053 2954 tibi
1073 2880 1118 2954 bo

232 2975 472 3068 „redduntun
508 2973 679 3072 Advigila
700 2980 809 3074 igitur
835 2992 1024 3075 tamquam
1051 2980 1118 3054 bon

231 3074 387 3166 ,‚miles,
404 3072 442 3150 dt
460 3078 612 3173 gratiam
628 3132 638 3164 ‚
653 3096 735 3173 quae
752 3079 789 3152 in
807 3091 843 3153 te
860 3079 929 3164 est,
953 3104 1028 3152 non
1044 3078 1123 3173 negl

227 3173 385 3265 ,‚xeris‚-
411 3197 457 3248 ne
474 3174 570 3250 sorte
593 3175 631 3251 dt
649 3176 816 3252 homines
830 3177 1016 3253 contristes
1036 3174 1049 3264 ,’
1069 3179 1133 3253 ide

184 3282 187 3287 '
227 3280 341 3364 „tuos
359 3272 552 3352 secundum
570 3292 714 3351 carnem
733 3290 922 3373 parentes,
943 3274 984 3352 dr
997 3278 1079 3351 Deo
1092 3300 1149 3353 nou

224 3366 429 3470 „placeas‚
465 3392 590 3451 verum
609 3376 782 3464 decerta,
814 3388 856 3474 ut
878 3376 916 3453 δι
937 3377 1104 3452 videntes
1124 3389 1158 3451 ta·

79 3522 84 3527 -
165 3470 169 3483 '
223 3468 455 3564 „glorificent
489 3468 609 3548 Deum
643 3467 745 3574 super
774 3476 868 3550 bona
893 3477 1150 3552 conversatione

221 3577 314 3661 „tua
335 3589 345 3644 τ
371 3569 505 3646 custodi
526 3585 602 3648 tea
619 3572 801 3671 superbia,
828 3575 866 3650 dr
886 3576 1066 3650 Dominus
1083 3576 1166 3672 puri¹

219 3668 314 3757 „tibi
352 3670 420 3743 erit
449 3668 486 3746 ὅ(
514 3672 702 3766 munitm,
740 3678 800 3752 cui
826 3675 944 3773 gloria
967 3676 1007 3752 in
1036 3673 1162 3752 saecula·

209 3765 472 3867 „saeculorum
499 3770 644 3933 Amen..
894 3802 897 3807 ’
1075 3772 1152 3849 Pu·
