2400 4380
334 119 588 299 Paraenesesm
713 276 716 287 .
829 206 922 309 444
984 196 986 205 ⁴
1039 128 1042 135 Ι

66 369 145 458 trit.
167 367 281 446 frater
294 360 419 446 tamen
434 388 539 447 meus
552 365 622 457 est,
639 390 708 465 ego
726 386 813 449 vero
829 394 916 447 con·
956 360 958 367 ’
1025 413 1027 417 -

67 471 113 545 iis
137 468 360 565 iurudignus
385 522 397 558 ‚
432 482 683 545 verumtamen
703 493 776 546 non
799 495 846 544 ex
865 469 921 549 see
949 517 954 523 -
1056 543 1059 552 .
1131 524 1134 533 ·

65 569 87 642 'o
104 569 333 644 contumeliis
348 590 408 645 me
423 567 546 644 affecit
554 619 573 657 ‚.
590 567 651 642 sed
662 569 732 642 hoc
747 570 920 649 inimicus
1028 613 1034 629 ι

66 668 243 743 ichinatus
261 668 310 743 est
322 720 331 754 ,
345 681 387 742 ut
405 669 612 744 inimicitias
626 669 719 742 iuter
738 692 806 744 nos
822 668 919 766 spar-¹

66 783 76 843 t
91 791 103 860 ;
128 779 168 843 at
183 767 366 843 Dominus
386 769 587 864 malignum
600 766 775 859 destruet,
793 767 919 847 fratris
956 802 957 807 ¹

66 880 135 943 tem
154 867 386 943 miserebitur.
436 866 501 944 Sin
518 879 641 942 autem
664 866 700 943 δι
723 869 761 942 in
786 869 920 946 faciem

66 966 132 1042 rius
150 968 253 1042 uittae
270 968 336 1043 tibi
353 967 487 1044 inerint
505 966 766 1055 contumeliae,
786 967 919 1044 nesuc·
1032 981 1036 988 '

66 1066 182 1142 rseas:
208 1065 258 1141 fin
274 1088 380 1163 porro
404 1067 449 1142 de
460 1067 559 1144 malo
583 1067 706 1162 aliquo
726 1068 925 1160 contigerit

67 1189 134 1242 nos
158 1168 316 1242 convitia
329 1167 467 1264 spargi,
492 1191 538 1241 ne
554 1166 665 1241 fimus
691 1166 769 1241 duri
789 1168 920 1252 corde,
1055 1183 1068 1215 ¹

66 1267 214 1363 lpotius
237 1278 394 1342 erratum
411 1267 654 1361 corrigamus3
677 1280 716 1341 at
731 1266 922 1360 siimprobi
991 1322 993 1333 ι
1029 1352 1032 1363 ,

66 1366 121 1443 iiis
139 1365 359 1462 suggestione
379 1366 450 1440 hoc
470 1367 662 1447 acciderit.
686 1391 731 1440 ne
754 1367 919 1460 indigne·

80 1489 200 1551 ‚nam
218 1463 244 1539 fi
264 1465 523 1541 contumeliam
550 1467 756 1579 rependas,
783 1463 921 1562 duplici
976 1516 985 1535 .
1057 1492 1060 1499 ’

74 1521 187 1663 ipsum
210 1566 430 1641 contumelia
459 1563 607 1645 afficis
628 1556 923 1663 primumquod
1017 1600 1025 1611 ·

66 1664 272 1741 itumeliam
299 1688 373 1739 non
399 1664 578 1762 patienter
602 1652 757 1748 tuleris,
789 1662 921 1739 deiude
992 1679 1005 1707 ’·
1048 1707 1051 1721 =

66 1765 109 1840 od
133 1763 362 1861 impudenter
387 1763 602 1840 maledixisti
629 1760 667 1838 dc
696 1763 921 1840 convitiatus
954 1798 992 1823 ν
1046 1840 1055 1853 ,
1086 1790 1091 1799 ·

82 1864 269 1951 Quando
293 1888 380 1958 ergo
412 1865 581 1939 convitiis
609 1866 797 1950 oneraris,
831 1886 921 1939 mox
992 1922 993 1926 ,

66 1962 117 2039 tiis
140 1964 279 2061 placide
298 1963 482 2039 subridens
499 1962 745 2039 iracundiam
735 1985 772 2038 m
790 1967 919 2059 pacem
965 1994 971 2003 ·
1026 2000 1054 2017 -ι
1129 1960 1135 1971 “

66 2076 190 2138 iverte.
241 2064 424 2138 Caeterum
467 2062 515 2137 est
537 2155 538 2159 4
557 2062 669 2141 etiarn
711 2063 830 2149 risus,
855 2062 919 2158 qui
1043 2098 1047 2105 ,

66 2164 148 2238 citat
163 2162 324 2239 animum
346 2162 393 2237 ad
416 2163 507 2238 iram
537 2177 661 2237 contra
685 2168 918 2257 proximum,

66 2264 107 2337 cd
130 2262 344 2357 irritandum
368 2262 524 2340 alterum
552 2263 682 2337 rideas.
708 2261 791 2336 Hoc
807 2261 920 2337 modo
1012 2279 1017 2312 ²

69 2362 204 2438 endum
236 2387 309 2437 ιιοιι
343 2361 419 2450 est,
450 2360 510 2436 sed
545 2375 587 2437 ut
622 2360 800 2436 charitate
829 2361 923 2439 iram

66 2463 197 2537 trimas.
249 2463 290 2540 Si
324 2484 429 2558 porro
461 2460 498 2539 a<
531 2461 642 2536 frater
673 2475 795 2548 tuus,
833 2460 925 2538 dum

66 2561 144 2637 riter
165 2561 301 2636 arrides
332 2586 403 2636 uon
428 2560 659 2645 aedificatur,
686 2585 733 2636 ne
758 2562 924 2637 vincatur

70 2662 125 2736 ira
145 2713 156 2749 ‚
180 2662 390 2736 adnitamur
406 2661 525 2736 modis
544 2661 713 2741 omni-bus
728 2661 925 2753 conciliare

66 2773 159 2837 trem
185 2760 312 2836 Matri.
341 2783 374 2855 5.
411 2761 460 2835 Et
481 2783 527 2833 ne
551 2760 682 2839 dicas:
708 2785 781 2835 non
807 2758 927 2837 tritior

81 2860 330 2949 contumelia,
353 2881 424 2956 qua
441 2857 590 2935 affedtus
606 2858 682 2935 ium
702 2859 801 2946 ,-sed
823 2856 923 2957 quod

71 2959 259 3056 praesentia
281 2958 434 3034 fratrum
466 2959 698 3035 contumeliis
727 2982 788 3035 me
814 2982 922 3035 exce·

66 3060 111 3136 it.
163 3057 237 3134 Sed
256 3059 318 3134 ubi
332 3080 432 3138 arma
450 3072 514 3133 tua
532 3057 734 3154 reliquisti?
758 3059 839 3133 dico
857 3082 922 3134 au·

66 3159 140 3233 ode
159 3180 265 3234 cruce
288 3156 417 3234 Christi
434 3180 517 3254 quae
534 3181 622 3233 crux
640 3156 689 3232 est
718 3157 919 3234 humilitas.

66 3259 95 3332 il.
118 3285 151 3334 2.
175 3258 258 3333 sane
282 3281 365 3333 cum
395 3259 593 3353 gratiarum
625 3257 765 3332 adrione
798 3259 922 3331 omnia
997 3266 1001 3272 '
1042 3306 1045 3311 -

66 3359 176 3433 tinere
197 3358 407 3446 debemus,
439 3357 463 3432 st
492 3357 571 3454 ejus
595 3357 750 3452 vestigiis
767 3355 921 3431 inuuere

69 3458 175 3531 imus.
232 3458 419 3533 Memento
465 3459 576 3531 etiam
616 3457 735 3534 David
773 3454 918 3551 quando

66 3557 102 3648 ‚it
118 3580 140 3630 a
157 3556 249 3631 facie
266 3555 429 3634 Absolon
447 3550 521 3631 filii
528 3556 608 3644 sui,
626 3581 745 3632 nonne
763 3553 921 3650 egressus

66 3658 129 3734 urei
153 3656 383 3737 contumeliis
400 3655 544 3755 excepit
562 3678 646 3734 eum
671 3658 711 3734 in
731 3652 921 3751 conspectu

809 3775 916 3845 eamn·
