2400 4380
289 242 292 249 ’
331 223 585 343 ,paramesen¹
818 162 963 365 ''⁴43-

75 429 161 487 cras
183 431 206 484 e
228 410 321 488 cella
348 413 387 490 in
416 414 580 504 cellam,
605 437 628 490 e
652 414 733 491 vico
749 415 789 492 in
804 415 926 495 vicum

57 532 258 602 terremuS,
291 512 329 589 ἂ
354 515 392 590 in
408 515 558 591 civitate
580 514 835 601 detineamur,
860 540 925 593 ne·

57 633 90 693 te
121 625 300 711 praetextu
334 614 555 691 ministrandi
585 613 727 690 senibus
759 618 955 694 acediam·

57 719 269 793 auferamus.
316 715 365 790 Et
384 710 415 790 si
433 713 616 812 opificium
639 710 706 792 ‘tibi
728 716 928 792 committi·
1041 738 1046 767 ²

57 835 103 903 u,
129 814 223 908 quod
241 813 331 891 utile
349 812 391 892 fit
408 814 597 902 coenobio,
623 838 669 890 ne
686 814 732 889 ob
754 813 791 888 id
808 813 927 890 extol·
1052 825 1055 831 '

57 914 121 989 cist
179 911 255 1012 lpse
272 937 388 1012 ipone
413 915 591 991 Dominus
618 915 793 1005 concedat
821 917 929 999 nobie
1100 922 1106 929 '

57 1015 201 1103 utiam,
225 1016 334 1110 digna
358 1015 581 1113 poenitentiae
606 1035 718 1112 opera
742 1013 929 1107 faciendi,

57 1114 82 1191 ti
106 1114 220 1211 gloria
240 1118 278 1192 in
296 1114 427 1191 saecula
443 1111 669 1192 saeculorum.
700 1111 835 1190 Amen

116 1353 596 1457 Pnnffiiunsls
644 1348 810 1431 xxmu.
887 1330 891 1337 ’

57 1501 119 1595 De
148 1507 371 1617 privatione
408 1504 561 1588 centoris
586 1499 689 1598 Dei,
744 1504 796 1595 ἐφ’
828 1502 873 1587 tie
933 1542 936 1547 ·

356 1638 571 1738 negligentia

58 1827 191 1958 qarrat
214 1822 274 1898 hic
302 1822 340 1898 S.
365 1822 536 1918 Ephraem
561 1820 745 1897 historiam
771 1819 817 1896 de
831 1828 931 1919 'quoa
949 1845 1051 1912 Tem

61 1944 64 1949 ·
118 1924 230 2007 „dam
247 1923 358 1997 fratre
379 1923 542 1997 Palladio
568 1920 848 1997 monachoseni
870 1922 1004 2022 suoDei
1021 1953 1101 2019 coen„

58 2047 98 2096 on
115 2022 328 2108 obediente,
353 2020 391 2096 (it
408 2022 639 2122 negligente,
664 2021 726 2117 qui
742 2019 789 2094 ad
813 2033 931 2096 extre·
944 2017 1070 2100 menna·

62 2144 127 2196 um
144 2145 168 2197 a
184 2122 281 2195 malo
298 2122 483 2217 superatus
495 2123 662 2195 daemone
675 2132 836 2195 mentem
854 2142 927 2217 per·
945 2112 1006 2170 ‘W‘

60 2222 148 2309 dit„
179 2214 384 2297 &subditz
420 2222 515 2295 Ecce
541 2220 629 2316 quid
659 2216 791 2294 efficiat
822 2220 934 2296 nimia

58 2317 208 2396 edacia?
231 2342 316 2395 ecce
333 2319 420 2417 quid
434 2319 678 2397 inobedientia
695 2319 733 2393 δι
748 2318 936 2415 negligen-

58 2443 77 2494 a
96 2418 319 2507 concilient,
345 2444 390 2494 en
406 2419 572 2516 quorsum
599 2418 731 2493 evadat
750 2418 834 2501 finis
858 2422 936 2494 ino·

58 2517 234 2595 edientiae.
280 2521 401 2608 Quare
429 2544 502 2593 non
524 2530 802 2609 contemnamus
827 2519 935 2595 timo·

58 2640 106 2693 nn
122 2617 190 2692 Dei
209 2669 219 2706 ‚
233 2617 296 2717 sed
317 2618 522 2694 humiliemur
533 2615 597 2714 sub
617 2620 744 2714 potenti
768 2641 867 2692 mono
893 2620 937 2696 it·

58 2743 122 2801 us,
144 2715 314 2810 servientes
330 2719 464 2792 inuicem
480 2719 514 2792 in
531 2718 645 2789 timore
671 2716 735 2790 Dei
758 2741 786 2792 1.
806 2717 876 2793 Pet.
901 2743 934 2816 5.

58 2838 66 2892 :
84 2814 158 2914 ipse
174 2818 279 2892 nobis
296 2819 364 2892 erit
380 2838 534 2904 murus,
557 2816 594 2890 δι
616 2817 792 2912 protestor
808 2844 829 2894 a
848 2818 940 2895 sacie

58 2916 198 3004 nimici,
220 2915 309 2991 sicut
325 2916 492 3012 scriptum
510 2913 578 2989 est:
595 2912 772 2992 immittet
790 2919 942 3013 angelus

58 3015 182 3092 *omini
206 3016 244 3093 in
260 3016 413 3091 circuitu
436 3014 644 3090 timentium
670 3038 780 3103 eum,
811 3016 848 3094 δι
873 3019 941 3093 eri·

59 3117 109 3191 iet
133 3137 206 3192 eos.
252 3113 317 3215 lpfi
332 3113 505 3213 ingloria
520 3112 702 3192 insaecula
718 3114 941 3198 saeculorum.

59 3238 167 3295 tmen.
444 3242 447 3249 ¹

300 3427 647 3543 ψ
765 3370 769 3379 ,
