2400 4380
165 152 171 159 -
237 222 340 329 '284
442 130 445 147 ἱ
530 208 786 351 S.=Eplrraern
807 208 902 328 Syri

81 812 187 882 Tarm

78 900 204 969 Donum·
248 972 254 983 ⁴
323 908 329 921 '

393 450 396 463 ’
478 438 734 518 sanun
782 432 986 517 xxxm·
1027 506 1030 513 .

514 585 581 680 De
600 586 756 675 Trmne
780 588 917 674 culmi.

259 824 292 877 a.
322 799 452 939 ‘‚‚Ego
478 800 830 899 Ephraempeccator
852 795 1085 877 vobisifntre

434 916 599 997 „gentem
612 903 808 977 animimei
818 901 1006 981 timorem.
1023 901 1082 995 qui

73 989 215 1085 pyrarum
256 998 368 1086 priam
383 1003 442 1075 die
457 1024 516 1075 me
531 1000 695 1079 miserum
711 999 862 1087 invasit,
886 997 1067 1081 recensere
1081 1020 1085 1039 ¹

76 1076 152 1137 &am
165 1091 218 1157 ge.

24 1150 173 1226 'erm

257 1099 392 1188 „Solus
405 1101 567 1175 sedebam
584 1103 621 1176 in
638 1096 718 1176 loco
734 1094 877 1198 quieto,
896 1098 934 1176 δι
951 1100 1078 1175 inanes

256 1197 392 1298 „hujus
412 1220 516 1275 curas
539 1200 794 1293 revolvebam:
820 1221 910 1295 quas
931 1198 1020 1273 dum
1038 1219 1085 1272 mr

255 1298 435 1396 „expendi
462 1300 575 1375 oculis
596 1296 742 1387 cordis,
772 1300 965 1375 Dominum
989 1314 1085 1372 meru

70 1412 73 1417 '
204 1468 206 1473 ,
253 1402 438 1491 „animam
458 1422 576 1476 meam
599 1400 874 1497 compellantem
898 1391 1040 1473 audivi:
1055 1418 1085 1493 qr

131 1572 138 1585 ,
255 1499 404 1592 „obrem
420 1524 443 1571 o
457 1502 577 1574 anima
593 1498 768 1574 coelestem
783 1512 894 1573 tuum·
905 1497 1085 1572 thalamun

254 1597 379 1692 „mine
405 1596 530 1694 gloriae
547 1597 692 1696 plenum
717 1593 958 1674 contemnis?
983 1618 1050 1690 ego
1074 1597 1085 1670 i

254 1695 346 1790 „tibi
365 1700 584 1793 praeparavi,
604 1720 710 1796 quem
726 1712 767 1772 tu
785 1696 958 1787 sprevisti,
979 1697 1060 1791 quis
1076 1717 1085 1792 1

253 1795 392 1888 „vitam
409 1797 471 1871 dat
489 1852 499 1877 ,
521 1811 562 1872 ut
575 1821 643 1893 ego
661 1851 672 1881 ‚
697 1820 804 1894 quem
821 1812 862 1872 tu
879 1790 1077 1890 reliquisti?

188 1968 213 1985 „
252 1916 350 1990 „ego
367 1893 510 1970 damiffo
530 1898 646 1992 capite
663 1895 830 1972 confusus
845 1896 917 1971 alta
932 1916 1022 1968 vnce
1038 1916 1085 1967 mr

118 2044 121 2049 -
252 1991 367 2086 „llere
381 1996 472 2091 coepi
487 1995 628 2071 dicens:
645 2018 707 2070 cur
723 2018 768 2070 ex
786 2012 889 2070 utero
904 1990 1085 2091 matrispr

178 2148 185 2173 r
252 2105 323 2184 „ut
351 2092 547 2177 Dominum
572 2117 693 2171 meum
718 2110 793 2170 tarn
824 2095 957 2169 bonum
985 2114 1085 2167 exace

253 2189 392 2283 „rem‘l
415 2215 479 2268 cur
493 2193 588 2268 dona
603 2194 728 2289 gratiae
745 2207 819 2269 tuae
833 2186 1004 2266 contemsr
1014 2215 1025 2282 ς
1044 2212 1085 2265 ex

251 2289 433 2382 „Domine
454 2290 578 2367 lictum
610 2316 760 2380 meum,
798 2291 834 2367 &
857 2315 903 2366 ne
931 2289 1085 2364 feceris}

77 2371 81 2391 ¹
174 2450 177 2459 .
249 2387 469 2481 „secundnm
488 2391 695 2487 iniquitates
717 2415 847 2469 meas.
875 2389 1008 2485 quibus
1023 2411 1085 2482 gra

175 2522 182 2539 x
247 2500 377 2580 „tuam
395 2490 697 2573 irritavi‚tantum
711 2491 798 2565 mihi
813 2490 987 2586 temporis
1004 2504 1085 2562 conc

246 2599 316 2678 „ut
343 2588 564 2683 poenirentiae
594 2589 744 2685 spatium
774 2588 957 2663 habeam:
994 2584 1085 2683 jural

217 2679 222 2693 ’
246 2704 427 2776 „mortem
440 2689 644 2784 ¹peccatoris
660 2690 777 2774 nolle,
794 2688 958 2763 miserere
974 2686 1082 2779 igitur

246 2787 491 2881 „peccatoris‚
510 2787 641 2883 respice
657 2786 781 2861 fontes¹
789 2786 1056 2883 lachrymarum
1071 2807 1085 2860 t

247 2905 354 2974 „rum
373 2935 383 2969 ,
410 2883 447 2959 ὅ(
465 2887 874 2982 contritionenindrgnae
893 2905 987 2960 meae
1010 2886 1085 2958 anin

246 2994 317 3072 „ut
332 2984 457 3078 gratiae
472 2984 737 3083 tuaepraelentia
747 2985 857 3061 animi
873 2981 1085 3078 tranquillita

247 3079 427 3177 „alferat⁹
452 3106 534 3180 quae
559 3084 676 3169 facit,
707 3097 749 3160 ut
782 3083 902 3159 anima
931 3082 1085 3178 cupidita

248 3179 470 3268 „carnalium
485 3182 721 3259 obliviscatur.
771 3181 901 3270 Quaeln
925 3180 1080 3276 denique

245 3278 436 3369 „haeredes
456 3280 520 3356 Dei
541 3334 551 3367 ‚
584 3281 622 3357 δι
639 3280 765 3357 Christi
793 3279 950 3364 fratres,
975 3292 1017 3355 ut
1037 3277 1085 3354 all

73 3444 81 3466 ,
145 3397 148 3405 ·
246 3399 338 3472 „pro
362 3401 422 3452 me
441 3378 557 3455 Deum
575 3381 758 3460 exoretis.
781 3393 823 3455 ut
841 3400 904 3475 per
928 3377 1085 3454 Chriliun

245 3474 372 3565 „holle
392 3479 580 3573 maligno.
611 3479 673 3575 qui
699 3503 757 3555 me
774 3477 920 3572 lingulis
942 3477 1040 3552 horis
1058 3500 1085 3574 ⁰¹:

245 3587 387 3667 ,‚gnat‚
411 3575 549 3652 liberer.
600 3577 828 3653 Sanltiffinrae
845 3575 1011 3655 Trinitati
1028 3574 1072 3652 fit

244 3675 326 3766 „ria
340 3675 380 3754 in
395 3672 524 3755 saecula
543 3673 765 3759 saeuorum
796 3673 931 3755 Arnen
1041 3769 1085 3853 S]
