2400 4380
278 306 282 315 ,
356 218 591 313 Sermanm
844 240 929 342 309
966 348 968 353 Ι

62 431 107 487 ae.
171 407 415 497 Quamobrem
442 405 578 487 n'ecelle
600 405 740 493 fuerit,
776 407 962 486 breviter·
1077 432 1080 439 ·
1145 406 1149 415 ‘

61 536 70 586 :
100 508 235 585 dianio
261 508 457 607 scripturis
479 510 646 607 quaedam
672 510 853 606 protulisse
882 510 930 587 ad

61 609 269 786 :frobofum
285 609 612 724 'reprehensionem
632 663 645 725 ⁹.
687 607 728 683 dt
754 611 930 726 illorum,-

105 718 357 808 poeaitentiam
380 732 487 804 agere
508 708 719 792 valuennt,
743 711 931 784 amaillo·

61 831 105 885 un
133 807 173 885 ἃ
196 808 435 885 securitatem.
484 809 546 910 Esl
570 810 608 884 iu
638 809 867 883 Pravelbiis:
893 814 931 884 ne
1021 824 1038 851 ⁶

71 908 184 984 vincat
225 907 453 982 ulchritudinis
476 910 621 983 mulieris
647 908 835 1004 dalaimam
860 908 928 985 &a

60 1034 122 1084 rau.
135 1016 170 1083 ὁ.
219 1033 269 1123 ‚75
296 1007 428 1095 Quodsi
445 1008 482 1081 in
503 1000 714 1084 mulieribus
732 1020 834 1082 tanta
850 1008 931 1082 haec

60 1108 318 1203 iignomrn1a‚
344 1107 461 1181 multo
479 1106 561 1182 sane
577 1110 695 1204 magis
715 1109 753 1182 in
779 1109 842 1194 iic,
869 1110 930 1203 qui
1038 1176 1050 1197 ,.
1110 1094 1114 1105 ’

60 1206 281 1304 rpitudinem
311 1217 483 1283 exercent
506 1208 544 1282 in
574 1209 729 1282 inuicem
751 1260 760 1294 ‚
784 1210 929 1303 gravius

60 1307 194 1382 dicium
207 1307 272 1381 ir‘ae
288 1304 451 1382 futurum
465 1306 533 1395 est,
547 1308 601 1382 uti
612 1307 749 1383 constat
766 1332 811 1380 ex
822 1329 929 1404 poena
1037 1376 1041 1386 .

60 1406 266 1482 >domorum
283 1404 321 1482 &
346 1407 667 1493 Gomorrhaeorum
689 1405 770 1482 Gen.
791 1431 846 1502 15.
868 1405 929 1481 sed

59 1506 266 1604 luptatibus
293 1505 424 1582 additti
439 1509 640 1604 impudenti
671 1529 732 1580 ore
762 1507 809 1580 ad
836 1505 930 1582 invi·

59 1629 100 1683 nu
128 1606 248 1680 dicere
269 1601 410 1681 solent:
435 1631 508 1681 non
527 1606 596 1705 ista,
609 1605 787 1703 judicabit
806 1604 930 1695 Deus,
1068 1670 1070 1675 .

59 1717 100 1781 nt
121 1705 220 1791 enim
238 1705 458 1801 corporalia,
483 1706 563 1780 llaec
585 1719 707 1790 autem
724 1711 931 1804 opponunt,

59 1816 69 1880 t
90 1805 226 1881 divinae
256 1802 401 1900 justitiae
429 1806 609 1881 timorem·
632 1818 655 1881 'a
679 1808 930 1904 proximorum

58 1903 190 1980 adibus
216 1903 383 1981 auferant
401 1957 412 1991 ‚
438 1929 509 2002 quo
525 1905 573 1980 stc
591 1905 663 1980 fine
679 1906 790 1980 ullius
811 1927 930 2002 repre·

58 2003 190 2080 ensrone
211 2004 352 2101 propria
375 2002 547 2080 desideria
568 2005 763 2100 perficiant.
790 2002 929 2081 Verum

84 2103 155 2179 hac
185 2103 418 2199 turpitudine
448 2104 617 2179 distritios
651 2129 723 2179 non
752 2102 931 2203 judicabit

58 2226 151 2288 eus,
177 2203 277 2278 nulla
290 2200 366 2300 jam
390 2204 457 2280 erit
474 2205 541 2279 Dei
557 2205 594 2280 in
615 2202 810 2300 judicando
832 2200 932 2300 justi·
1044 2242 1058 2255 ν

58 2326 81 2378 ι.
117 2304 198 2391 Quo
221 2303 323 2400 patto
342 2315 465 2379 autem
482 2305 573 2378 illud
600 2303 760 2403 Apostoli
782 2304 932 2379 audien·

58 2425 76 2478 s
115 2427 191 2477 non
215 2401 467 2479 suffunduntur
494 2407 659 2501 pudore:
702 2405 845 2479 tradidit
877 2424 931 2478 eor

57 2520 113 2576 'eur
131 2504 167 2576 in
185 2501 351 2602 defidrriir
367 2505 475 2579 cardis
501 2505 642 2602 ipsorum
663 2557 673 2588 ,
698 2530 774 2579 nam
782 2504 931 2602 samiam

57 2626 128 2676 mm
149 2604 399 2676 immutaverunt
414 2605 595 2678 naturalem
611 2603 723 2702 nsum.
739 2602 779 2680 ii
795 2599 932 2705 masculi

69 2699 234 2798 masculos
253 2703 484 2800 turpitudinem
505 2716 671 2802 operantes
689 2702 756 2780 &a
773 2702 870 2778 Rani.
896 2727 930 2780 1.

56 2802 268 2877 uamobrem
296 2823 491 2878 caveamus
507 2826 631 2878 aurem
655 2802 844 2879 fallacibus
867 2825 931 2876 eo·

58 2924 100 2976 m
129 2900 250 2977 uerbis
278 2901 467 2998 praebere,
499 2925 692 2977 caveamus
717 2899 839 2979 locum
865 2900 931 2978 tri·

56 3022 131 3076 tere
152 2999 365 3098 voluptariis
384 3003 690 3097 cogitationibus3
716 3026 762 3077 ne
780 3004 817 3077 in
833 3000 930 3078 diem

56 3099 378 3177 diciireservemur
395 3101 577 3176 cruciandi
596 3155 607 3185 ,
632 3103 686 3191 uti
709 3101 747 3178 S.
765 3100 875 3200 Judas
892 3103 953 3195 inl

56 3197 170 3275 istola
191 3197 251 3274 sua
277 3200 504 3276 demonstrat.
556 3202 735 3288 Quocirca
762 3200 814 3275 fili
840 3225 929 3291 caue
1035 3206 1052 3257 ί
1095 3230 1104 3251 ¹

55 3298 212 3396 alpinis
225 3298 271 3374 ab
289 3299 359 3381 iis.
384 3302 445 3397 qui
461 3301 640 3376 luxuriose
657 3301 811 3389 vivunt,
834 3301 870 3376 ὅ(
889 3303 928 3377 in

55 3395 200 3497 ipocrisr
227 3398 414 3495 pelliciunt
448 3402 588 3476 animas
621 3400 833 3486 instabiles,
867 3398 927 3474 sed

55 3521 149 3574 num
175 3497 319 3594 vestigia
348 3498 505 3586 sectare,
540 3498 602 3597 qui
628 3525 709 3577 cum
735 3500 937 3579 timore&
1075 3564 1080 3587 .,

55 3596 235 3673 nscientia
260 3619 347 3696 pura
367 3599 523 3675 Domino
548 3599 714 3678 seruiunt.
766 3599 832 3701 lpsr
849 3599 928 3695 glo·

54 3721 68 3774 ι
84 3699 128 3774 in
145 3695 276 3774 saecula
295 3695 516 3777 saeculorum.
547 3699 678 3778 Amen.
795 3756 928 3875 SER.
