<?xml version="1.0" encoding="UTF-8"?>
<!DOCTYPE html PUBLIC "-//W3C//DTD XHTML 1.0 Transitional//EN"
    "http://www.w3.org/TR/xhtml1/DTD/xhtml1-transitional.dtd">
<html xmlns="http://www.w3.org/1999/xhtml" xml:lang="en" lang="en">
 <head>
  <title>
</title>
<meta http-equiv="Content-Type" content="text/html;charset=utf-8" />
  <meta name='ocr-system' content='tesseract 3.04.00' />
  <meta name='ocr-capabilities' content='ocr_page ocr_carea ocr_par ocr_line ocrx_word'/>
</head>
<body>
  <div class='ocr_page' id='page_1' title='image "./analysisoperums07schrgoog/analysisoperums07schrgoog_0434.png"; bbox 0 0 2400 4380; ppageno 0'>
   <div class='ocr_carea' id='block_1_1' title="bbox 315 217 971 343">
    <p class='ocr_par' dir='ltr' id='par_1_1' title="bbox 315 217 971 343">
     <span class='ocr_line' id='line_1_1' title="bbox 315 217 971 343; baseline 0.009 -33"><span class='ocrx_word' id='word_1_1' title='bbox 315 217 536 310; x_wconf 72' lang='lat' dir='ltr'>Troiiams.</span> <span class='ocrx_word' id='word_1_2' title='bbox 812 246 902 343; x_wconf 77' lang='grc' dir='ltr'>4ος</span> <span class='ocrx_word' id='word_1_3' title='bbox 965 224 971 237; x_wconf 77' lang='grc'><strong>“</strong></span> 
     </span>
    </p>
   </div>
   <div class='ocr_carea' id='block_1_2' title="bbox 66 395 1000 803">
    <p class='ocr_par' dir='ltr' id='par_1_2' title="bbox 67 395 904 507">
     <span class='ocr_line' id='line_1_2' title="bbox 67 395 904 507; baseline 0.007 -27"><span class='ocrx_word' id='word_1_4' title='bbox 67 402 124 480; x_wconf 86' lang='lat' dir='ltr'>ris</span> <span class='ocrx_word' id='word_1_5' title='bbox 144 405 289 494; x_wconf 85' lang='lat' dir='ltr'>Patris,</span> <span class='ocrx_word' id='word_1_6' title='bbox 314 405 377 502; x_wconf 90' lang='lat' dir='ltr'>qui</span> <span class='ocrx_word' id='word_1_7' title='bbox 398 404 437 484; x_wconf 87' lang='lat' dir='ltr'>in</span> <span class='ocrx_word' id='word_1_8' title='bbox 463 405 567 483; x_wconf 88' lang='lat' dir='ltr'>coelis</span> <span class='ocrx_word' id='word_1_9' title='bbox 592 405 642 483; x_wconf 86' lang='lat' dir='ltr'>eli</span> <span class='ocrx_word' id='word_1_10' title='bbox 660 459 688 507; x_wconf 77' lang='lat'>⁹.</span> <span class='ocrx_word' id='word_1_11' title='bbox 705 405 744 485; x_wconf 76' lang='lat' dir='ltr'>dc</span> <span class='ocrx_word' id='word_1_12' title='bbox 762 395 904 486; x_wconf 51' lang='lat' dir='ltr'>connu?</span> 
     </span>
    </p>

    <p class='ocr_par' dir='ltr' id='par_1_3' title="bbox 66 503 898 607">
     <span class='ocr_line' id='line_1_3' title="bbox 66 503 898 607; baseline 0.008 -28"><span class='ocrx_word' id='word_1_13' title='bbox 66 506 138 581; x_wconf 88' lang='lat' dir='ltr'>cris</span> <span class='ocrx_word' id='word_1_14' title='bbox 157 505 251 581; x_wconf 90' lang='lat' dir='ltr'>inter</span> <span class='ocrx_word' id='word_1_15' title='bbox 265 503 399 581; x_wconf 76' lang='lat' dir='ltr'>eletios</span> <span class='ocrx_word' id='word_1_16' title='bbox 416 505 526 593; x_wconf 85' lang='lat' dir='ltr'>Filii,</span> <span class='ocrx_word' id='word_1_17' title='bbox 557 503 595 582; x_wconf 78' lang='lat' dir='ltr'>dt</span> <span class='ocrx_word' id='word_1_18' title='bbox 618 530 703 583; x_wconf 90' lang='lat' dir='ltr'>cum</span> <span class='ocrx_word' id='word_1_19' title='bbox 728 507 898 607; x_wconf 71' lang='lat' dir='ltr'>omnibus</span> 
     </span>
    </p>

    <p class='ocr_par' dir='ltr' id='par_1_4' title="bbox 67 603 1000 803">
     <span class='ocr_line' id='line_1_4' title="bbox 67 603 1000 707; baseline 0.012 -28"><span class='ocrx_word' id='word_1_20' title='bbox 67 603 131 679; x_wconf 74' lang='lat' dir='ltr'>iiis</span> <span class='ocrx_word' id='word_1_21' title='bbox 147 604 339 684; x_wconf 79' lang='lat' dir='ltr'>benedicas</span> <span class='ocrx_word' id='word_1_22' title='bbox 364 604 516 703; x_wconf 91' lang='lat' dir='ltr'>Spiritui</span> <span class='ocrx_word' id='word_1_23' title='bbox 538 604 699 701; x_wconf 76' lang='lat' dir='ltr'>Sentio,</span> <span class='ocrx_word' id='word_1_24' title='bbox 724 606 897 707; x_wconf 79' lang='lat' dir='ltr'>quonian</span> <span class='ocrx_word' id='word_1_25' title='bbox 996 622 1000 639; x_wconf 79' lang='lat'><strong><em>¹</em></strong></span> 
     </span>
     <span class='ocr_line' id='line_1_5' title="bbox 80 702 661 803; baseline 0.01 -24"><span class='ocrx_word' id='word_1_26' title='bbox 80 702 195 803; x_wconf 81' lang='lat' dir='ltr'>gloria</span> <span class='ocrx_word' id='word_1_27' title='bbox 218 703 257 780; x_wconf 89' lang='lat' dir='ltr'>in</span> <span class='ocrx_word' id='word_1_28' title='bbox 281 705 423 790; x_wconf 77' lang='lat' dir='ltr'>saccula,</span> <span class='ocrx_word' id='word_1_29' title='bbox 450 703 585 785; x_wconf 83' lang='lat' dir='ltr'>Amen.</span> <span class='ocrx_word' id='word_1_30' title='bbox 658 718 661 727; x_wconf 87' lang='lat'>&#39;</span> 
     </span>
    </p>
   </div>
   <div class='ocr_carea' id='block_1_3' title="bbox 122 872 614 1011">
    <p class='ocr_par' dir='ltr' id='par_1_5' title="bbox 122 872 614 1011">
     <span class='ocr_line' id='line_1_6' title="bbox 122 872 614 1011; baseline -0.024 0"><span class='ocrx_word' id='word_1_31' title='bbox 122 872 614 1011; x_wconf 66' lang='lat' dir='ltr'>‚casurus</span> 
     </span>
    </p>
   </div>
   <div class='ocr_carea' id='block_1_4' title="bbox 65 1098 1118 3881">
    <p class='ocr_par' dir='ltr' id='par_1_6' title="bbox 67 1098 1074 1202">
     <span class='ocr_line' id='line_1_7' title="bbox 67 1098 1074 1202; baseline 0.002 -26"><span class='ocrx_word' id='word_1_32' title='bbox 67 1098 170 1176; x_wconf 88' lang='lat' dir='ltr'>tende</span> <span class='ocrx_word' id='word_1_33' title='bbox 188 1101 259 1177; x_wconf 89' lang='lat' dir='ltr'>tibi</span> <span class='ocrx_word' id='word_1_34' title='bbox 283 1102 375 1201; x_wconf 86' lang='lat' dir='ltr'>ipsr,</span> <span class='ocrx_word' id='word_1_35' title='bbox 406 1104 570 1186; x_wconf 80' lang='lat' dir='ltr'>neforto</span> <span class='ocrx_word' id='word_1_36' title='bbox 593 1102 736 1202; x_wconf 89' lang='lat' dir='ltr'>serpens</span> <span class='ocrx_word' id='word_1_37' title='bbox 766 1110 806 1178; x_wconf 90' lang='lat' dir='ltr'>te</span> <span class='ocrx_word' id='word_1_38' title='bbox 830 1122 894 1178; x_wconf 90' lang='lat' dir='ltr'>eos</span> <span class='ocrx_word' id='word_1_39' title='bbox 904 1125 1074 1195; x_wconf 50' lang='lat' dir='ltr'>pm„</span> 
     </span>
    </p>

    <p class='ocr_par' dir='ltr' id='par_1_7' title="bbox 69 1199 1076 1302">
     <span class='ocr_line' id='line_1_8' title="bbox 69 1199 1076 1302; baseline 0.005 -28"><span class='ocrx_word' id='word_1_40' title='bbox 69 1199 227 1284; x_wconf 84' lang='lat' dir='ltr'>„imitari</span> <span class='ocrx_word' id='word_1_41' title='bbox 250 1203 407 1290; x_wconf 90' lang='lat' dir='ltr'>doceat,</span> <span class='ocrx_word' id='word_1_42' title='bbox 433 1205 496 1302; x_wconf 90' lang='lat' dir='ltr'>qui</span> <span class='ocrx_word' id='word_1_43' title='bbox 533 1204 634 1283; x_wconf 84' lang='lat' dir='ltr'>suam</span> <span class='ocrx_word' id='word_1_44' title='bbox 659 1202 1076 1296; x_wconf 69' lang='lat' dir='ltr'>contemnuntemplama&#39;.</span> 
     </span>
    </p>

    <p class='ocr_par' dir='ltr' id='par_1_8' title="bbox 66 1294 1067 1399">
     <span class='ocr_line' id='line_1_9' title="bbox 66 1294 1067 1399; baseline 0.009 -27"><span class='ocrx_word' id='word_1_45' title='bbox 66 1310 173 1388; x_wconf 87' lang='lat' dir='ltr'>tem,</span> <span class='ocrx_word' id='word_1_46' title='bbox 197 1324 242 1376; x_wconf 94' lang='lat' dir='ltr'>ac</span> <span class='ocrx_word' id='word_1_47' title='bbox 266 1302 416 1378; x_wconf 87' lang='lat' dir='ltr'>dicunt:</span> <span class='ocrx_word' id='word_1_48' title='bbox 442 1328 516 1381; x_wconf 89' lang='lat' dir='ltr'>non</span> <span class='ocrx_word' id='word_1_49' title='bbox 541 1326 581 1378; x_wconf 90' lang='lat' dir='ltr'>es</span> <span class='ocrx_word' id='word_1_50' title='bbox 603 1301 733 1384; x_wconf 91' lang='lat' dir='ltr'>melior</span> <span class='ocrx_word' id='word_1_51' title='bbox 751 1302 818 1390; x_wconf 91' lang='lat' dir='ltr'>iis,</span> <span class='ocrx_word' id='word_1_52' title='bbox 833 1294 1067 1399; x_wconf 66' lang='lat' dir='ltr'>quisermis·</span> 
     </span>
    </p>

    <p class='ocr_par' dir='ltr' id='par_1_9' title="bbox 70 1397 1085 1501">
     <span class='ocr_line' id='line_1_10' title="bbox 70 1397 1085 1501; baseline 0.005 -30"><span class='ocrx_word' id='word_1_53' title='bbox 70 1400 198 1473; x_wconf 88' lang='lat' dir='ltr'>onibus</span> <span class='ocrx_word' id='word_1_54' title='bbox 222 1397 466 1479; x_wconf 86' lang='lat' dir='ltr'>succumbunt.</span> <span class='ocrx_word' id='word_1_55' title='bbox 498 1402 561 1501; x_wconf 72' lang='lat' dir='ltr'>Ne</span> <span class='ocrx_word' id='word_1_56' title='bbox 580 1423 667 1498; x_wconf 86' lang='lat' dir='ltr'>ergo</span> <span class='ocrx_word' id='word_1_57' title='bbox 691 1412 897 1477; x_wconf 86' lang='lat' dir='ltr'>contemto·</span> <span class='ocrx_word' id='word_1_58' title='bbox 966 1406 972 1421; x_wconf 85' lang='lat'>&#39;</span> <span class='ocrx_word' id='word_1_59' title='bbox 1081 1420 1085 1431; x_wconf 66' lang='lat'><strong>¹</strong></span> 
     </span>
    </p>

    <p class='ocr_par' dir='ltr' id='par_1_10' title="bbox 66 1495 896 1599">
     <span class='ocr_line' id='line_1_11' title="bbox 66 1495 896 1599; baseline 0.008 -29"><span class='ocrx_word' id='word_1_60' title='bbox 66 1495 133 1575; x_wconf 83' lang='lat' dir='ltr'>luae</span> <span class='ocrx_word' id='word_1_61' title='bbox 157 1498 279 1576; x_wconf 89' lang='lat' dir='ltr'>salutis</span> <span class='ocrx_word' id='word_1_62' title='bbox 303 1501 478 1590; x_wconf 85' lang='lat' dir='ltr'>imiteris,</span> <span class='ocrx_word' id='word_1_63' title='bbox 496 1501 558 1599; x_wconf 86' lang='lat' dir='ltr'>qui</span> <span class='ocrx_word' id='word_1_64' title='bbox 578 1501 693 1576; x_wconf 87' lang='lat' dir='ltr'>solum</span> <span class='ocrx_word' id='word_1_65' title='bbox 713 1499 777 1582; x_wconf 79' lang='lat' dir='ltr'>fibi</span> <span class='ocrx_word' id='word_1_66' title='bbox 793 1500 896 1577; x_wconf 83' lang='lat' dir='ltr'>habi·</span> 
     </span>
    </p>

    <p class='ocr_par' dir='ltr' id='par_1_11' title="bbox 79 1599 895 1693">
     <span class='ocr_line' id='line_1_12' title="bbox 79 1599 895 1693; baseline 0.004 -21"><span class='ocrx_word' id='word_1_67' title='bbox 79 1612 270 1693; x_wconf 82' lang='lat' dir='ltr'>arrogant,</span> <span class='ocrx_word' id='word_1_68' title='bbox 287 1599 386 1675; x_wconf 88' lang='lat' dir='ltr'>follis</span> <span class='ocrx_word' id='word_1_69' title='bbox 405 1602 503 1677; x_wconf 89' lang='lat' dir='ltr'>enim</span> <span class='ocrx_word' id='word_1_70' title='bbox 521 1599 644 1681; x_wconf 79' lang='lat' dir='ltr'>similis</span> <span class='ocrx_word' id='word_1_71' title='bbox 664 1599 713 1674; x_wconf 86' lang='lat' dir='ltr'>eil</span> <span class='ocrx_word' id='word_1_72' title='bbox 733 1600 895 1687; x_wconf 88' lang='lat' dir='ltr'>habitus,</span> 
     </span>
    </p>

    <p class='ocr_par' dir='ltr' id='par_1_12' title="bbox 66 1696 894 1798">
     <span class='ocr_line' id='line_1_13' title="bbox 66 1696 894 1798; baseline 0.006 -29"><span class='ocrx_word' id='word_1_73' title='bbox 66 1696 123 1770; x_wconf 83' lang='lat' dir='ltr'>brs</span> <span class='ocrx_word' id='word_1_74' title='bbox 149 1720 235 1773; x_wconf 89' lang='lat' dir='ltr'>vero</span> <span class='ocrx_word' id='word_1_75' title='bbox 260 1698 309 1773; x_wconf 87' lang='lat' dir='ltr'>est</span> <span class='ocrx_word' id='word_1_76' title='bbox 342 1699 458 1796; x_wconf 88' lang='lat' dir='ltr'>ipsum</span> <span class='ocrx_word' id='word_1_77' title='bbox 498 1723 601 1798; x_wconf 90' lang='lat' dir='ltr'>opus.</span> <span class='ocrx_word' id='word_1_78' title='bbox 660 1700 742 1785; x_wconf 61' lang='lat' dir='ltr'>Qui‘</span> <span class='ocrx_word' id='word_1_79' title='bbox 760 1699 894 1779; x_wconf 90' lang='lat' dir='ltr'>terreni</span> 
     </span>
    </p>

    <p class='ocr_par' dir='ltr' id='par_1_13' title="bbox 66 1794 1087 1893">
     <span class='ocr_line' id='line_1_14' title="bbox 66 1794 1087 1893; baseline 0.003 -25"><span class='ocrx_word' id='word_1_80' title='bbox 66 1798 105 1885; x_wconf 84' lang='lat' dir='ltr'>‚is</span> <span class='ocrx_word' id='word_1_81' title='bbox 127 1796 262 1871; x_wconf 90' lang='lat' dir='ltr'>milites</span> <span class='ocrx_word' id='word_1_82' title='bbox 296 1797 405 1887; x_wconf 86' lang='lat' dir='ltr'>sunt,</span> <span class='ocrx_word' id='word_1_83' title='bbox 444 1796 652 1893; x_wconf 85' lang='lat' dir='ltr'>sanguinem</span> <span class='ocrx_word' id='word_1_84' title='bbox 681 1794 896 1888; x_wconf 85' lang='lat' dir='ltr'>effundunt,</span> <span class='ocrx_word' id='word_1_85' title='bbox 1032 1878 1034 1886; x_wconf 59' lang='grc'>,</span> <span class='ocrx_word' id='word_1_86' title='bbox 1081 1866 1087 1883; x_wconf 84' lang='grc'>,</span> 
     </span>
    </p>

    <p class='ocr_par' dir='ltr' id='par_1_14' title="bbox 66 1892 1085 1995">
     <span class='ocr_line' id='line_1_15' title="bbox 66 1892 1085 1995; baseline 0.004 -28"><span class='ocrx_word' id='word_1_87' title='bbox 66 1896 120 1989; x_wconf 86' lang='lat' dir='ltr'>egi</span> <span class='ocrx_word' id='word_1_88' title='bbox 137 1894 198 1969; x_wconf 91' lang='lat' dir='ltr'>suo</span> <span class='ocrx_word' id='word_1_89' title='bbox 213 1897 407 1995; x_wconf 84' lang='lat' dir='ltr'>placeant,</span> <span class='ocrx_word' id='word_1_90' title='bbox 431 1910 471 1973; x_wconf 91' lang='lat' dir='ltr'>at</span> <span class='ocrx_word' id='word_1_91' title='bbox 486 1899 555 1972; x_wconf 91' lang='lat' dir='ltr'>tibi</span> <span class='ocrx_word' id='word_1_92' title='bbox 572 1897 687 1973; x_wconf 88' lang='lat' dir='ltr'>iolum</span> <span class='ocrx_word' id='word_1_93' title='bbox 710 1919 802 1994; x_wconf 88' lang='lat' dir='ltr'>opus</span> <span class='ocrx_word' id='word_1_94' title='bbox 823 1894 894 1985; x_wconf 88' lang='lat' dir='ltr'>est,</span> <span class='ocrx_word' id='word_1_95' title='bbox 967 1906 970 1912; x_wconf 83' lang='lat'>&#39;</span> <span class='ocrx_word' id='word_1_96' title='bbox 1080 1892 1085 1907; x_wconf 91' lang='lat'>&#39;</span> 
     </span>
    </p>

    <p class='ocr_par' dir='ltr' id='par_1_15' title="bbox 66 1995 896 2170">
     <span class='ocr_line' id='line_1_16' title="bbox 66 1995 896 2170; baseline 0.002 -103"><span class='ocrx_word' id='word_1_97' title='bbox 66 2017 74 2067; x_wconf 93' lang='grc' dir='ltr'>ι</span> <span class='ocrx_word' id='word_1_98' title='bbox 92 2009 241 2090; x_wconf 86' lang='lat' dir='ltr'>peccato</span> <span class='ocrx_word' id='word_1_99' title='bbox 262 1996 429 2072; x_wconf 87' lang='lat' dir='ltr'>vincaris.</span> <span class='ocrx_word' id='word_1_100' title='bbox 453 1996 528 2076; x_wconf 89' lang='lat' dir='ltr'>Sed</span> <span class='ocrx_word' id='word_1_101' title='bbox 544 1995 664 2170; x_wconf 83' lang='lat' dir='ltr'>&amp;pro</span> <span class='ocrx_word' id='word_1_102' title='bbox 681 1995 896 2078; x_wconf 85' lang='lat' dir='ltr'>obscuritate</span> 
     </span>
    </p>

    <p class='ocr_par' dir='ltr' id='par_1_16' title="bbox 66 2094 1007 2181">
     <span class='ocr_line' id='line_1_17' title="bbox 66 2094 1007 2181; baseline 0.001 -14"><span class='ocrx_word' id='word_1_103' title='bbox 66 2115 99 2167; x_wconf 90' lang='lat' dir='ltr'>m</span> <span class='ocrx_word' id='word_1_104' title='bbox 119 2094 158 2171; x_wconf 90' lang='lat' dir='ltr'>in</span> <span class='ocrx_word' id='word_1_105' title='bbox 180 2095 271 2170; x_wconf 86' lang='lat' dir='ltr'>cella</span> <span class='ocrx_word' id='word_1_106' title='bbox 290 2096 426 2171; x_wconf 88' lang='lat' dir='ltr'>toleras</span> <span class='ocrx_word' id='word_1_107' title='bbox 448 2150 459 2181; x_wconf 90' lang='lat'>,</span> <span class='ocrx_word' id='word_1_108' title='bbox 485 2095 594 2171; x_wconf 86' lang='lat' dir='ltr'>illuce</span> <span class='ocrx_word' id='word_1_109' title='bbox 609 2107 668 2170; x_wconf 92' lang='lat' dir='ltr'>cet</span> <span class='ocrx_word' id='word_1_110' title='bbox 684 2096 750 2172; x_wconf 90' lang='lat' dir='ltr'>tibi</span> <span class='ocrx_word' id='word_1_111' title='bbox 769 2096 896 2170; x_wconf 87' lang='lat' dir='ltr'>iumen</span> <span class='ocrx_word' id='word_1_112' title='bbox 982 2156 985 2163; x_wconf 85' lang='grc'><em>,</em></span> <span class='ocrx_word' id='word_1_113' title='bbox 1005 2142 1007 2147; x_wconf 86' lang='lat'>-</span> 
     </span>
    </p>

    <p class='ocr_par' dir='ltr' id='par_1_17' title="bbox 66 2192 893 2282">
     <span class='ocr_line' id='line_1_18' title="bbox 66 2192 893 2282; baseline 0.001 -16"><span class='ocrx_word' id='word_1_114' title='bbox 66 2192 163 2269; x_wconf 77' lang='lat' dir='ltr'>tatia.</span> <span class='ocrx_word' id='word_1_115' title='bbox 220 2194 375 2269; x_wconf 82' lang='lat' dir='ltr'>Deserta</span> <span class='ocrx_word' id='word_1_116' title='bbox 399 2196 535 2270; x_wconf 91' lang='lat' dir='ltr'>bonum</span> <span class='ocrx_word' id='word_1_117' title='bbox 571 2204 753 2269; x_wconf 84' lang='lat' dir='ltr'>certamen</span> <span class='ocrx_word' id='word_1_118' title='bbox 779 2192 893 2282; x_wconf 89' lang='lat' dir='ltr'>fidei,</span> 
     </span>
    </p>

    <p class='ocr_par' dir='ltr' id='par_1_18' title="bbox 76 2293 894 2390">
     <span class='ocr_line' id='line_1_19' title="bbox 76 2293 894 2390; baseline 0.002 -24"><span class='ocrx_word' id='word_1_119' title='bbox 76 2294 174 2366; x_wconf 89' lang='lat' dir='ltr'>enim</span> <span class='ocrx_word' id='word_1_120' title='bbox 192 2317 255 2366; x_wconf 92' lang='lat' dir='ltr'>eos</span> <span class='ocrx_word' id='word_1_121' title='bbox 272 2296 481 2383; x_wconf 83' lang='lat' dir='ltr'>duntaxat,</span> <span class='ocrx_word' id='word_1_122' title='bbox 510 2293 571 2390; x_wconf 91' lang='lat' dir='ltr'>qui</span> <span class='ocrx_word' id='word_1_123' title='bbox 592 2293 769 2388; x_wconf 87' lang='lat' dir='ltr'>martyrio</span> <span class='ocrx_word' id='word_1_124' title='bbox 788 2316 809 2371; x_wconf 89' lang='lat' dir='ltr'>a</span> <span class='ocrx_word' id='word_1_125' title='bbox 833 2305 894 2389; x_wconf 78' lang='lat' dir='ltr'>ty·</span> 
     </span>
    </p>

    <p class='ocr_par' dir='ltr' id='par_1_19' title="bbox 66 2390 895 2483">
     <span class='ocr_line' id='line_1_20' title="bbox 66 2390 895 2483; baseline -0.001 -16"><span class='ocrx_word' id='word_1_126' title='bbox 66 2392 108 2467; x_wconf 81' lang='lat' dir='ltr'>tis</span> <span class='ocrx_word' id='word_1_127' title='bbox 143 2391 259 2471; x_wconf 79' lang='lat' dir='ltr'>affetu</span> <span class='ocrx_word' id='word_1_128' title='bbox 284 2393 393 2478; x_wconf 88' lang='lat' dir='ltr'>sont,</span> <span class='ocrx_word' id='word_1_129' title='bbox 427 2405 578 2470; x_wconf 89' lang='lat' dir='ltr'>coronat</span> <span class='ocrx_word' id='word_1_130' title='bbox 597 2392 776 2467; x_wconf 90' lang='lat' dir='ltr'>Dominus</span> <span class='ocrx_word' id='word_1_131' title='bbox 798 2444 810 2483; x_wconf 86' lang='lat'>,</span> <span class='ocrx_word' id='word_1_132' title='bbox 832 2390 895 2466; x_wconf 89' lang='lat' dir='ltr'>ied</span> 
     </span>
    </p>

    <p class='ocr_par' dir='ltr' id='par_1_20' title="bbox 72 2490 897 2588">
     <span class='ocr_line' id='line_1_21' title="bbox 72 2490 897 2588; baseline -0.001 -23"><span class='ocrx_word' id='word_1_133' title='bbox 72 2490 217 2583; x_wconf 87' lang='lat' dir='ltr'>etiam,</span> <span class='ocrx_word' id='word_1_134' title='bbox 255 2494 316 2587; x_wconf 88' lang='lat' dir='ltr'>qui</span> <span class='ocrx_word' id='word_1_135' title='bbox 341 2491 506 2587; x_wconf 86' lang='lat' dir='ltr'>religiosa</span> <span class='ocrx_word' id='word_1_136' title='bbox 532 2492 790 2567; x_wconf 81' lang='lat' dir='ltr'>exercitatione</span> <span class='ocrx_word' id='word_1_137' title='bbox 813 2511 897 2588; x_wconf 82' lang='lat' dir='ltr'>pro·</span> 
     </span>
    </p>

    <p class='ocr_par' dir='ltr' id='par_1_21' title="bbox 91 2588 1038 2668">
     <span class='ocr_line' id='line_1_22' title="bbox 91 2588 1038 2668; baseline 0 -4"><span class='ocrx_word' id='word_1_138' title='bbox 91 2590 181 2665; x_wconf 83' lang='lat' dir='ltr'>sunt.</span> <span class='ocrx_word' id='word_1_139' title='bbox 232 2590 339 2666; x_wconf 89' lang='lat' dir='ltr'>Unde</span> <span class='ocrx_word' id='word_1_140' title='bbox 372 2595 469 2668; x_wconf 89' lang='lat' dir='ltr'>enim</span> <span class='ocrx_word' id='word_1_141' title='bbox 501 2614 569 2666; x_wconf 90' lang='lat' dir='ltr'>nos</span> <span class='ocrx_word' id='word_1_142' title='bbox 594 2591 707 2665; x_wconf 82' lang='lat' dir='ltr'>vincit</span> <span class='ocrx_word' id='word_1_143' title='bbox 732 2588 896 2665; x_wconf 86' lang='lat' dir='ltr'>adversa·</span> <span class='ocrx_word' id='word_1_144' title='bbox 1026 2608 1038 2619; x_wconf 80' lang='grc'><em>·</em></span> 
     </span>
    </p>

    <p class='ocr_par' dir='ltr' id='par_1_22' title="bbox 82 2688 895 2786">
     <span class='ocr_line' id='line_1_23' title="bbox 82 2688 895 2786; baseline -0.001 -23"><span class='ocrx_word' id='word_1_145' title='bbox 82 2740 93 2771; x_wconf 87' lang='grc'>,</span> <span class='ocrx_word' id='word_1_146' title='bbox 118 2688 181 2763; x_wconf 83' lang='lat' dir='ltr'>nifi</span> <span class='ocrx_word' id='word_1_147' title='bbox 199 2712 262 2786; x_wconf 94' lang='lat' dir='ltr'>per</span> <span class='ocrx_word' id='word_1_148' title='bbox 284 2689 440 2769; x_wconf 83' lang='lat' dir='ltr'>nostram</span> <span class='ocrx_word' id='word_1_149' title='bbox 468 2689 748 2769; x_wconf 86' lang='lat' dir='ltr'>inobedientiam</span> <span class='ocrx_word' id='word_1_150' title='bbox 772 2712 782 2780; x_wconf 86' lang='lat'>;</span> <span class='ocrx_word' id='word_1_151' title='bbox 808 2710 895 2763; x_wconf 87' lang='lat' dir='ltr'>nam</span> 
     </span>
    </p>

    <p class='ocr_par' dir='ltr' id='par_1_23' title="bbox 65 2782 1105 2886">
     <span class='ocr_line' id='line_1_24' title="bbox 65 2782 1105 2886; baseline -0.002 -23"><span class='ocrx_word' id='word_1_152' title='bbox 65 2787 191 2863; x_wconf 73' lang='lat' dir='ltr'>‚iinon</span> <span class='ocrx_word' id='word_1_153' title='bbox 205 2790 448 2875; x_wconf 87' lang='lat' dir='ltr'>attendimus,</span> <span class='ocrx_word' id='word_1_154' title='bbox 465 2787 896 2886; x_wconf 80' lang='lat' dir='ltr'>reprehonfirecusamur,</span> <span class='ocrx_word' id='word_1_155' title='bbox 1038 2794 1041 2801; x_wconf 85' lang='lat'>&#39;</span> <span class='ocrx_word' id='word_1_156' title='bbox 1100 2782 1105 2815; x_wconf 69' lang='lat'>⁸</span> 
     </span>
    </p>

    <p class='ocr_par' dir='ltr' id='par_1_24' title="bbox 65 2884 897 2984">
     <span class='ocr_line' id='line_1_25' title="bbox 65 2884 897 2984; baseline -0.007 -19"><span class='ocrx_word' id='word_1_157' title='bbox 65 2889 154 2965; x_wconf 80' lang='lat' dir='ltr'>lines</span> <span class='ocrx_word' id='word_1_158' title='bbox 173 2888 335 2964; x_wconf 87' lang='lat' dir='ltr'>celamus</span> <span class='ocrx_word' id='word_1_159' title='bbox 353 2944 363 2978; x_wconf 93' lang='lat'><strong><em>‚</em></strong></span> <span class='ocrx_word' id='word_1_160' title='bbox 386 2888 424 2964; x_wconf 82' lang='lat' dir='ltr'>dr</span> <span class='ocrx_word' id='word_1_161' title='bbox 441 2889 560 2963; x_wconf 88' lang='lat' dir='ltr'>Deum</span> <span class='ocrx_word' id='word_1_162' title='bbox 578 2888 814 2984; x_wconf 85' lang='lat' dir='ltr'>despicimus,</span> <span class='ocrx_word' id='word_1_163' title='bbox 831 2884 897 2960; x_wconf 88' lang='lat' dir='ltr'>sro·</span> 
     </span>
    </p>

    <p class='ocr_par' dir='ltr' id='par_1_25' title="bbox 83 2983 1044 3084">
     <span class='ocr_line' id='line_1_26' title="bbox 83 2983 1044 3084; baseline -0.001 -24"><span class='ocrx_word' id='word_1_164' title='bbox 83 3000 274 3083; x_wconf 85' lang='lat' dir='ltr'>peccatum</span> <span class='ocrx_word' id='word_1_165' title='bbox 294 2989 331 3062; x_wconf 91' lang='lat' dir='ltr'>io</span> <span class='ocrx_word' id='word_1_166' title='bbox 348 2989 454 3064; x_wconf 89' lang='lat' dir='ltr'>nobis</span> <span class='ocrx_word' id='word_1_167' title='bbox 472 2985 744 3084; x_wconf 75' lang='lat' dir='ltr'>multiplicator.</span> <span class='ocrx_word' id='word_1_168' title='bbox 796 2983 896 3060; x_wconf 83' lang='lat' dir='ltr'>Audi</span> <span class='ocrx_word' id='word_1_169' title='bbox 1041 2992 1044 2999; x_wconf 86' lang='lat'>&#39;</span> 
     </span>
    </p>

    <p class='ocr_par' dir='ltr' id='par_1_26' title="bbox 65 3084 896 3183">
     <span class='ocr_line' id='line_1_27' title="bbox 65 3084 896 3183; baseline -0.004 -22"><span class='ocrx_word' id='word_1_170' title='bbox 65 3097 167 3163; x_wconf 86' lang='lat' dir='ltr'>ntem</span> <span class='ocrx_word' id='word_1_171' title='bbox 179 3110 187 3160; x_wconf 76' lang='grc' dir='ltr'><em>τ</em></span> <span class='ocrx_word' id='word_1_172' title='bbox 196 3086 312 3183; x_wconf 80' lang='lat' dir='ltr'>sugite</span> <span class='ocrx_word' id='word_1_173' title='bbox 321 3088 584 3183; x_wconf 79' lang='lat' dir='ltr'>fornicationem.</span> <span class='ocrx_word' id='word_1_174' title='bbox 606 3115 638 3163; x_wconf 92' lang='lat'>1.</span> <span class='ocrx_word' id='word_1_175' title='bbox 652 3084 729 3161; x_wconf 83' lang='lat' dir='ltr'>Cor.</span> <span class='ocrx_word' id='word_1_176' title='bbox 748 3089 782 3160; x_wconf 85' lang='lat' dir='ltr'>b.</span> <span class='ocrx_word' id='word_1_177' title='bbox 803 3104 896 3181; x_wconf 83' lang='lat' dir='ltr'>quos</span> 
     </span>
    </p>

    <p class='ocr_par' dir='ltr' id='par_1_27' title="bbox 65 3182 898 3283">
     <span class='ocr_line' id='line_1_28' title="bbox 65 3182 898 3283; baseline -0.002 -23"><span class='ocrx_word' id='word_1_178' title='bbox 65 3208 84 3260; x_wconf 88' lang='lat' dir='ltr'>o</span> <span class='ocrx_word' id='word_1_179' title='bbox 109 3187 273 3261; x_wconf 87' lang='lat' dir='ltr'>occidere</span> <span class='ocrx_word' id='word_1_180' title='bbox 292 3188 532 3283; x_wconf 87' lang='lat' dir='ltr'>nequiverunt</span> <span class='ocrx_word' id='word_1_181' title='bbox 556 3189 594 3263; x_wconf 89' lang='lat' dir='ltr'>in</span> <span class='ocrx_word' id='word_1_182' title='bbox 615 3205 738 3260; x_wconf 91' lang='lat' dir='ltr'>eremo</span> <span class='ocrx_word' id='word_1_183' title='bbox 755 3182 898 3281; x_wconf 86' lang='lat' dir='ltr'>serpen·</span> 
     </span>
    </p>

    <p class='ocr_par' dir='ltr' id='par_1_28' title="bbox 65 3282 899 3380">
     <span class='ocr_line' id='line_1_29' title="bbox 65 3282 899 3380; baseline 0.001 -23"><span class='ocrx_word' id='word_1_184' title='bbox 65 3336 76 3373; x_wconf 96' lang='lat'>,</span> <span class='ocrx_word' id='word_1_185' title='bbox 102 3284 170 3358; x_wconf 87' lang='lat' dir='ltr'>hos</span> <span class='ocrx_word' id='word_1_186' title='bbox 194 3285 477 3367; x_wconf 85' lang='lat' dir='ltr'>Madianitarum</span> <span class='ocrx_word' id='word_1_187' title='bbox 500 3285 692 3363; x_wconf 84' lang='lat' dir='ltr'>fornicatio</span> <span class='ocrx_word' id='word_1_188' title='bbox 710 3282 899 3380; x_wconf 81' lang='lat' dir='ltr'>prostravit</span> 
     </span>
    </p>

    <p class='ocr_par' dir='ltr' id='par_1_29' title="bbox 65 3380 894 3483">
     <span class='ocr_line' id='line_1_30' title="bbox 65 3380 894 3483; baseline -0.002 -26"><span class='ocrx_word' id='word_1_189' title='bbox 65 3410 93 3459; x_wconf 86' lang='lat' dir='ltr'>n.</span> <span class='ocrx_word' id='word_1_190' title='bbox 126 3409 185 3479; x_wconf 87' lang='lat'>25.</span> <span class='ocrx_word' id='word_1_191' title='bbox 222 3384 346 3481; x_wconf 82' lang='lat' dir='ltr'>quodsi</span> <span class='ocrx_word' id='word_1_192' title='bbox 377 3396 584 3483; x_wconf 81' lang='lat' dir='ltr'>praeventos</span> <span class='ocrx_word' id='word_1_193' title='bbox 614 3403 683 3470; x_wconf 89' lang='lat' dir='ltr'>es,</span> <span class='ocrx_word' id='word_1_194' title='bbox 717 3405 763 3457; x_wconf 90' lang='lat' dir='ltr'>ne</span> <span class='ocrx_word' id='word_1_195' title='bbox 785 3380 894 3479; x_wconf 82' lang='lat' dir='ltr'>laps’</span> 
     </span>
    </p>

    <p class='ocr_par' dir='ltr' id='par_1_30' title="bbox 65 3479 1118 3587">
     <span class='ocr_line' id='line_1_31' title="bbox 65 3479 1118 3587; baseline -0.004 -28"><span class='ocrx_word' id='word_1_196' title='bbox 65 3505 191 3576; x_wconf 79' lang='lat' dir='ltr'>ereas,</span> <span class='ocrx_word' id='word_1_197' title='bbox 219 3482 279 3559; x_wconf 86' lang='lat' dir='ltr'>sed</span> <span class='ocrx_word' id='word_1_198' title='bbox 294 3485 545 3582; x_wconf 85' lang='lat' dir='ltr'>poenitentiam</span> <span class='ocrx_word' id='word_1_199' title='bbox 569 3506 663 3579; x_wconf 86' lang='lat' dir='ltr'>age,</span> <span class='ocrx_word' id='word_1_200' title='bbox 688 3479 898 3578; x_wconf 86' lang='lat' dir='ltr'>&amp;adytum</span> <span class='ocrx_word' id='word_1_201' title='bbox 1116 3578 1118 3587; x_wconf 28' lang='grc' dir='ltr'>Ι</span> 
     </span>
    </p>

    <p class='ocr_par' dir='ltr' id='par_1_31' title="bbox 65 3579 1118 3680">
     <span class='ocr_line' id='line_1_32' title="bbox 65 3579 1118 3680; baseline -0.009 -19"><span class='ocrx_word' id='word_1_202' title='bbox 65 3605 172 3680; x_wconf 90' lang='lat' dir='ltr'>quem</span> <span class='ocrx_word' id='word_1_203' title='bbox 189 3582 330 3679; x_wconf 84' lang='lat' dir='ltr'>ingredi</span> <span class='ocrx_word' id='word_1_204' title='bbox 338 3585 522 3661; x_wconf 86' lang='lat' dir='ltr'>consuevit</span> <span class='ocrx_word' id='word_1_205' title='bbox 534 3583 703 3661; x_wconf 88' lang='lat' dir='ltr'>inimicus</span> <span class='ocrx_word' id='word_1_206' title='bbox 715 3579 899 3679; x_wconf 84' lang='lat' dir='ltr'>praeclude</span> <span class='ocrx_word' id='word_1_207' title='bbox 1042 3646 1045 3654; x_wconf 81' lang='grc'>,</span> <span class='ocrx_word' id='word_1_208' title='bbox 1116 3663 1118 3671; x_wconf 30' lang='grc'>,</span> 
     </span>
    </p>

    <p class='ocr_par' dir='ltr' id='par_1_32' title="bbox 65 3680 1010 3881">
     <span class='ocr_line' id='line_1_33' title="bbox 65 3680 1010 3782; baseline -0.006 -23"><span class='ocrx_word' id='word_1_209' title='bbox 65 3684 187 3761; x_wconf 90' lang='lat' dir='ltr'>oiendo</span> <span class='ocrx_word' id='word_1_210' title='bbox 208 3681 356 3782; x_wconf 81' lang='lat' dir='ltr'>sensus,</span> <span class='ocrx_word' id='word_1_211' title='bbox 381 3684 525 3770; x_wconf 85' lang='lat' dir='ltr'>visum,</span> <span class='ocrx_word' id='word_1_212' title='bbox 548 3682 743 3775; x_wconf 86' lang='lat' dir='ltr'>auditum,</span> <span class='ocrx_word' id='word_1_213' title='bbox 769 3680 901 3755; x_wconf 87' lang='lat' dir='ltr'>odora·</span> <span class='ocrx_word' id='word_1_214' title='bbox 1007 3684 1010 3699; x_wconf 83' lang='grc'>’·</span> 
     </span>
     <span class='ocr_line' id='line_1_34' title="bbox 406 3784 899 3881; baseline -0.008 -6"><span class='ocrx_word' id='word_1_215' title='bbox 406 3784 519 3881; x_wconf 66' lang='lat' dir='ltr'>ch</span> <span class='ocrx_word' id='word_1_216' title='bbox 770 3790 899 3874; x_wconf 70' lang='lat' dir='ltr'>”tuma</span> 
     </span>
    </p>
   </div>
   <div class='ocr_carea' id='block_1_5' title="bbox 0 0 1206 4380">
    <p class='ocr_par' dir='ltr' id='par_1_33' title="bbox 0 0 1206 4380">
     <span class='ocr_line' id='line_1_35' title="bbox 0 0 1206 4380; baseline 0 0"><span class='ocrx_word' id='word_1_217' title='bbox 0 0 1206 4380; x_wconf 95' lang='lat' dir='ltr'> </span> 
     </span>
    </p>
   </div>
  </div>
 </body>
</html>
