<?xml version="1.0" encoding="UTF-8"?>
<!DOCTYPE html PUBLIC "-//W3C//DTD XHTML 1.0 Transitional//EN"
    "http://www.w3.org/TR/xhtml1/DTD/xhtml1-transitional.dtd">
<html xmlns="http://www.w3.org/1999/xhtml" xml:lang="en" lang="en">
 <head>
  <title>
</title>
<meta http-equiv="Content-Type" content="text/html;charset=utf-8" />
  <meta name='ocr-system' content='tesseract 3.04.00' />
  <meta name='ocr-capabilities' content='ocr_page ocr_carea ocr_par ocr_line ocrx_word'/>
</head>
<body>
  <div class='ocr_page' id='page_1' title='image "./analysisoperums07schrgoog/analysisoperums07schrgoog_0162.png"; bbox 0 0 2400 4380; ppageno 0'>
   <div class='ocr_carea' id='block_1_1' title="bbox 578 66 592 109">
    <p class='ocr_par' dir='ltr' id='par_1_1' title="bbox 578 66 592 109">
     <span class='ocr_line' id='line_1_1' title="bbox 578 66 592 109; baseline 0 0"><span class='ocrx_word' id='word_1_1' title='bbox 578 66 592 109; x_wconf 77' lang='lat' dir='ltr'><strong>u</strong></span> 
     </span>
    </p>
   </div>
   <div class='ocr_carea' id='block_1_2' title="bbox 55 182 1039 342">
    <p class='ocr_par' dir='ltr' id='par_1_2' title="bbox 55 182 1039 342">
     <span class='ocr_line' id='line_1_2' title="bbox 55 182 1039 342; baseline 0.007 -41"><span class='ocrx_word' id='word_1_2' title='bbox 55 212 308 311; x_wconf 59' lang='lat' dir='ltr'><strong>‚numae</strong></span> <span class='ocrx_word' id='word_1_3' title='bbox 329 213 523 336; x_wconf 67' lang='lat' dir='ltr'><strong>namu.</strong></span> <span class='ocrx_word' id='word_1_4' title='bbox 550 214 640 311; x_wconf 78' lang='lat' dir='ltr'><strong>nu.</strong></span> <span class='ocrx_word' id='word_1_5' title='bbox 658 215 720 312; x_wconf 83' lang='lat'><strong>11.</strong></span> <span class='ocrx_word' id='word_1_6' title='bbox 778 250 860 342; x_wconf 75' lang='lat' dir='ltr'><strong>us</strong></span> <span class='ocrx_word' id='word_1_7' title='bbox 970 182 973 187; x_wconf 82' lang='grc'><strong>’</strong></span> <span class='ocrx_word' id='word_1_8' title='bbox 1033 230 1039 261; x_wconf 89' lang='grc'><em>·</em></span> 
     </span>
    </p>
   </div>
   <div class='ocr_carea' id='block_1_3' title="bbox 55 400 1067 1285">
    <p class='ocr_par' dir='ltr' id='par_1_3' title="bbox 55 400 857 504">
     <span class='ocr_line' id='line_1_3' title="bbox 55 400 857 504; baseline 0.002 -23"><span class='ocrx_word' id='word_1_9' title='bbox 55 401 115 481; x_wconf 87' lang='lat' dir='ltr'><strong>loli</strong></span> <span class='ocrx_word' id='word_1_10' title='bbox 135 400 243 501; x_wconf 82' lang='lat' dir='ltr'><strong>ponci</strong></span> <span class='ocrx_word' id='word_1_11' title='bbox 264 400 538 492; x_wconf 77' lang='lat' dir='ltr'><strong>rebellent-estis,</strong></span> <span class='ocrx_word' id='word_1_12' title='bbox 560 404 599 483; x_wconf 92' lang='lat'><strong>&amp;</strong></span> <span class='ocrx_word' id='word_1_13' title='bbox 619 428 702 483; x_wconf 89' lang='lat' dir='ltr'><strong>com</strong></span> <span class='ocrx_word' id='word_1_14' title='bbox 725 406 857 504; x_wconf 77' lang='lat' dir='ltr'><strong>quibus</strong></span> 
     </span>
    </p>

    <p class='ocr_par' dir='ltr' id='par_1_4' title="bbox 55 501 1067 899">
     <span class='ocr_line' id='line_1_4' title="bbox 55 501 972 604; baseline -0.001 -23"><span class='ocrx_word' id='word_1_15' title='bbox 55 524 102 581; x_wconf 81' lang='lat' dir='ltr'><strong>um</strong></span> <span class='ocrx_word' id='word_1_16' title='bbox 132 501 400 579; x_wconf 68' lang='lat' dir='ltr'><strong>communionis</strong></span> <span class='ocrx_word' id='word_1_17' title='bbox 425 502 642 581; x_wconf 80' lang='lat' dir='ltr'><strong>consortium</strong></span> <span class='ocrx_word' id='word_1_18' title='bbox 667 505 857 604; x_wconf 80' lang='lat' dir='ltr'><strong>poffidetis.</strong></span> <span class='ocrx_word' id='word_1_19' title='bbox 969 543 972 548; x_wconf 92' lang='lat'>·</span> 
     </span>
     <span class='ocr_line' id='line_1_5' title="bbox 55 598 1067 702; baseline 0 -23"><span class='ocrx_word' id='word_1_20' title='bbox 55 624 167 691; x_wconf 79' lang='lat' dir='ltr'><strong>ocum</strong></span> <span class='ocrx_word' id='word_1_21' title='bbox 188 598 318 677; x_wconf 85' lang='lat' dir='ltr'><strong>offerre</strong></span> <span class='ocrx_word' id='word_1_22' title='bbox 333 624 400 677; x_wconf 81' lang='lat' dir='ltr'><strong>vos</strong></span> <span class='ocrx_word' id='word_1_23' title='bbox 420 601 499 678; x_wconf 87' lang='lat' dir='ltr'><strong>Deo</strong></span> <span class='ocrx_word' id='word_1_24' title='bbox 516 604 635 681; x_wconf 84' lang='lat' dir='ltr'><strong>dicitis</strong></span> <span class='ocrx_word' id='word_1_25' title='bbox 649 626 714 702; x_wconf 95' lang='lat' dir='ltr'><strong>pro</strong></span> <span class='ocrx_word' id='word_1_26' title='bbox 732 603 858 681; x_wconf 85' lang='lat' dir='ltr'><strong>Ecclo·</strong></span> <span class='ocrx_word' id='word_1_27' title='bbox 1040 606 1045 617; x_wconf 80' lang='grc'><em>“</em></span> <span class='ocrx_word' id='word_1_28' title='bbox 1064 662 1067 667; x_wconf 48' lang='grc'><strong><em>,</em></strong></span> 
     </span>
     <span class='ocr_line' id='line_1_6' title="bbox 55 698 1055 803; baseline 0.002 -26"><span class='ocrx_word' id='word_1_29' title='bbox 55 720 115 803; x_wconf 80' lang='lat' dir='ltr'><strong>pre</strong></span> <span class='ocrx_word' id='word_1_30' title='bbox 131 724 207 777; x_wconf 78' lang='lat' dir='ltr'><strong>uon</strong></span> <span class='ocrx_word' id='word_1_31' title='bbox 228 698 305 789; x_wconf 87' lang='lat' dir='ltr'><strong>eil,</strong></span> <span class='ocrx_word' id='word_1_32' title='bbox 335 700 407 777; x_wconf 93' lang='lat' dir='ltr'><strong>hoc</strong></span> <span class='ocrx_word' id='word_1_33' title='bbox 434 702 548 801; x_wconf 88' lang='lat' dir='ltr'><strong>ipsum</strong></span> <span class='ocrx_word' id='word_1_34' title='bbox 574 702 861 799; x_wconf 73' lang='lat' dir='ltr'><strong>mendaciiparc</strong></span> <span class='ocrx_word' id='word_1_35' title='bbox 975 786 978 791; x_wconf 57' lang='grc'><strong>,</strong></span> <span class='ocrx_word' id='word_1_36' title='bbox 1024 748 1026 753; x_wconf 93' lang='lat'>·</span> <span class='ocrx_word' id='word_1_37' title='bbox 1052 754 1055 759; x_wconf 91' lang='lat'><em>-</em></span> 
     </span>
     <span class='ocr_line' id='line_1_7' title="bbox 58 800 856 899; baseline 0.001 -22"><span class='ocrx_word' id='word_1_38' title='bbox 58 822 166 877; x_wconf 78' lang='lat' dir='ltr'><strong>mana</strong></span> <span class='ocrx_word' id='word_1_39' title='bbox 182 811 221 875; x_wconf 79' lang='lat' dir='ltr'><strong>te</strong></span> <span class='ocrx_word' id='word_1_40' title='bbox 243 821 372 876; x_wconf 86' lang='lat' dir='ltr'><strong>vocare</strong></span> <span class='ocrx_word' id='word_1_41' title='bbox 389 800 473 891; x_wconf 60' lang='lat' dir='ltr'><strong>„de</strong></span> <span class='ocrx_word' id='word_1_42' title='bbox 498 824 568 899; x_wconf 88' lang='lat' dir='ltr'><strong>qua</strong></span> <span class='ocrx_word' id='word_1_43' title='bbox 597 802 725 878; x_wconf 86' lang='lat' dir='ltr'><strong>feceris</strong></span> <span class='ocrx_word' id='word_1_44' title='bbox 752 802 856 878; x_wconf 78' lang='lat' dir='ltr'><strong>duaa.</strong></span> 
     </span>
    </p>

    <p class='ocr_par' dir='ltr' id='par_1_5' title="bbox 55 894 857 998">
     <span class='ocr_line' id='line_1_8' title="bbox 55 894 857 998; baseline -0.002 -21"><span class='ocrx_word' id='word_1_45' title='bbox 55 894 157 977; x_wconf 78' lang='lat' dir='ltr'><strong>dene</strong></span> <span class='ocrx_word' id='word_1_46' title='bbox 177 897 257 973; x_wconf 88' lang='lat' dir='ltr'><strong>Deo</strong></span> <span class='ocrx_word' id='word_1_47' title='bbox 281 921 347 972; x_wconf 82' lang='lat' dir='ltr'><strong>vos</strong></span> <span class='ocrx_word' id='word_1_48' title='bbox 365 899 484 976; x_wconf 82' lang='lat' dir='ltr'><strong>dicitis</strong></span> <span class='ocrx_word' id='word_1_49' title='bbox 502 922 566 998; x_wconf 86' lang='lat' dir='ltr'><strong>pro</strong></span> <span class='ocrx_word' id='word_1_50' title='bbox 584 925 656 977; x_wconf 90' lang='lat' dir='ltr'><strong>una</strong></span> <span class='ocrx_word' id='word_1_51' title='bbox 680 898 857 987; x_wconf 83' lang='lat' dir='ltr'><strong>Ecclefia,</strong></span> 
     </span>
    </p>

    <p class='ocr_par' dir='ltr' id='par_1_6' title="bbox 65 996 857 1084">
     <span class='ocr_line' id='line_1_9' title="bbox 65 996 857 1084; baseline 0 -11"><span class='ocrx_word' id='word_1_52' title='bbox 65 996 153 1075; x_wconf 79' lang='lat' dir='ltr'><strong>itin</strong></span> <span class='ocrx_word' id='word_1_53' title='bbox 173 1013 254 1073; x_wconf 91' lang='lat' dir='ltr'><strong>toto</strong></span> <span class='ocrx_word' id='word_1_54' title='bbox 277 1008 451 1075; x_wconf 84' lang='lat' dir='ltr'><strong>terrarum</strong></span> <span class='ocrx_word' id='word_1_55' title='bbox 468 1000 555 1075; x_wconf 83' lang='lat' dir='ltr'><strong>orbe</strong></span> <span class='ocrx_word' id='word_1_56' title='bbox 572 997 681 1076; x_wconf 79' lang='lat' dir='ltr'><strong>ciffus</strong></span> <span class='ocrx_word' id='word_1_57' title='bbox 700 1054 710 1074; x_wconf 87' lang='lat'><strong>.</strong></span> <span class='ocrx_word' id='word_1_58' title='bbox 759 999 857 1084; x_wconf 83' lang='lat' dir='ltr'><strong>Quid</strong></span> 
     </span>
    </p>

    <p class='ocr_par' dir='ltr' id='par_1_7' title="bbox 55 1090 990 1285">
     <span class='ocr_line' id='line_1_10' title="bbox 55 1090 985 1203; baseline -0.002 -28"><span class='ocrx_word' id='word_1_59' title='bbox 55 1096 196 1195; x_wconf 77' lang='lat' dir='ltr'><strong>unique</strong></span> <span class='ocrx_word' id='word_1_60' title='bbox 210 1096 361 1173; x_wconf 86' lang='lat' dir='ltr'><strong>vestrum</strong></span> <span class='ocrx_word' id='word_1_61' title='bbox 378 1096 611 1203; x_wconf 67' lang='lat' dir='ltr'><strong>dioaffleus:</strong></span> <span class='ocrx_word' id='word_1_62' title='bbox 635 1097 731 1189; x_wconf 86' lang='lat' dir='ltr'><strong>Quid</strong></span> <span class='ocrx_word' id='word_1_63' title='bbox 745 1094 856 1174; x_wconf 76' lang='lat' dir='ltr'><strong>offero</strong></span> <span class='ocrx_word' id='word_1_64' title='bbox 979 1090 985 1119; x_wconf 72' lang='lat'>⁸</span> 
     </span>
     <span class='ocr_line' id='line_1_11' title="bbox 55 1193 990 1285; baseline 0.005 -10"><span class='ocrx_word' id='word_1_65' title='bbox 55 1210 328 1285; x_wconf 66' lang='lat' dir='ltr'><strong>ommonem</strong></span> <span class='ocrx_word' id='word_1_66' title='bbox 349 1193 554 1277; x_wconf 80' lang='lat' dir='ltr'><strong>suintoto.</strong></span> <span class='ocrx_word' id='word_1_67' title='bbox 977 1210 990 1219; x_wconf 85' lang='lat'><em>&#39;</em></span> 
     </span>
    </p>
   </div>
   <div class='ocr_carea' id='block_1_4' title="bbox 53 1384 1036 3763">
    <p class='ocr_par' dir='ltr' id='par_1_8' title="bbox 54 1384 1036 1988">
     <span class='ocr_line' id='line_1_12' title="bbox 55 1384 1036 1483; baseline 0.006 -14"><span class='ocrx_word' id='word_1_68' title='bbox 55 1393 170 1483; x_wconf 68' lang='lat' dir='ltr'><strong>...Sed</strong></span> <span class='ocrx_word' id='word_1_69' title='bbox 192 1393 240 1471; x_wconf 88' lang='lat' dir='ltr'><strong>ad</strong></span> <span class='ocrx_word' id='word_1_70' title='bbox 251 1395 421 1473; x_wconf 81' lang='lat' dir='ltr'><strong>invidiam</strong></span> <span class='ocrx_word' id='word_1_71' title='bbox 438 1395 637 1475; x_wconf 72' lang='lat' dir='ltr'><strong>Catholicis</strong></span> <span class='ocrx_word' id='word_1_72' title='bbox 651 1392 854 1475; x_wconf 83' lang='lat' dir='ltr'><strong>faciendam</strong></span> <span class='ocrx_word' id='word_1_73' title='bbox 874 1384 1036 1475; x_wconf 57' lang='lat' dir='ltr'><strong>Dfflfl‘</strong></span> 
     </span>
     <span class='ocr_line' id='line_1_13' title="bbox 54 1471 1030 1593; baseline -0.004 -21"><span class='ocrx_word' id='word_1_74' title='bbox 54 1492 114 1573; x_wconf 83' lang='lat' dir='ltr'><strong>u:</strong></span> <span class='ocrx_word' id='word_1_75' title='bbox 139 1492 292 1571; x_wconf 73' lang='lat' dir='ltr'><strong>eoereaa</strong></span> <span class='ocrx_word' id='word_1_76' title='bbox 314 1495 378 1571; x_wconf 79' lang='lat' dir='ltr'><strong>uu</strong></span> <span class='ocrx_word' id='word_1_77' title='bbox 401 1496 472 1572; x_wconf 72' lang='lat' dir='ltr'><strong>nia</strong></span> <span class='ocrx_word' id='word_1_78' title='bbox 501 1520 577 1572; x_wconf 73' lang='lat' dir='ltr'><strong>non</strong></span> <span class='ocrx_word' id='word_1_79' title='bbox 598 1494 745 1593; x_wconf 68' lang='lat' dir='ltr'><strong>porea,</strong></span> <span class='ocrx_word' id='word_1_80' title='bbox 773 1512 855 1591; x_wconf 71' lang='lat' dir='ltr'><strong>qua</strong></span> <span class='ocrx_word' id='word_1_81' title='bbox 868 1471 1030 1559; x_wconf 58' lang='lat' dir='ltr'><strong>rose*</strong></span> 
     </span>
     <span class='ocr_line' id='line_1_14' title="bbox 54 1577 930 1692; baseline -0.005 -19"><span class='ocrx_word' id='word_1_82' title='bbox 54 1595 130 1673; x_wconf 75' lang='lat' dir='ltr'><strong>uoh&#39;t</strong></span> <span class='ocrx_word' id='word_1_83' title='bbox 141 1592 310 1670; x_wconf 80' lang='lat' dir='ltr'><strong>morlihun</strong></span> <span class='ocrx_word' id='word_1_84' title='bbox 327 1592 495 1692; x_wconf 79' lang='lat' dir='ltr'><strong>pascitur,</strong></span> <span class='ocrx_word' id='word_1_85' title='bbox 511 1594 549 1672; x_wconf 82' lang='lat' dir='ltr'><strong>dr</strong></span> <span class='ocrx_word' id='word_1_86' title='bbox 567 1594 765 1670; x_wconf 75' lang='lat' dir='ltr'><strong>ianitorum</strong></span> <span class='ocrx_word' id='word_1_87' title='bbox 780 1591 859 1669; x_wconf 82' lang='lat' dir='ltr'><strong>san·</strong></span> <span class='ocrx_word' id='word_1_88' title='bbox 869 1577 930 1625; x_wconf 77' lang='lat'><strong>“⁸⁰</strong></span> 
     </span>
     <span class='ocr_line' id='line_1_15' title="bbox 54 1690 858 1790; baseline -0.01 -15"><span class='ocrx_word' id='word_1_89' title='bbox 54 1690 137 1775; x_wconf 77' lang='lat' dir='ltr'><strong>ht&amp;</strong></span> <span class='ocrx_word' id='word_1_90' title='bbox 155 1694 317 1769; x_wconf 85' lang='lat' dir='ltr'><strong>carnibus</strong></span> <span class='ocrx_word' id='word_1_91' title='bbox 334 1694 523 1790; x_wconf 83' lang='lat' dir='ltr'><strong>opimatur.</strong></span> <span class='ocrx_word' id='word_1_92' title='bbox 558 1694 645 1771; x_wconf 77' lang='lat' dir='ltr'><strong>‘Sed</strong></span> <span class='ocrx_word' id='word_1_93' title='bbox 667 1693 775 1768; x_wconf 86' lang='lat' dir='ltr'><strong>dicite</strong></span> <span class='ocrx_word' id='word_1_94' title='bbox 797 1691 858 1767; x_wconf 88' lang='lat' dir='ltr'><strong>coi</strong></span> 
     </span>
     <span class='ocr_line' id='line_1_16' title="bbox 54 1787 857 1891; baseline -0.004 -24"><span class='ocrx_word' id='word_1_95' title='bbox 54 1792 285 1891; x_wconf 58' lang='lat' dir='ltr'><strong>antoninum</strong></span> <span class='ocrx_word' id='word_1_96' title='bbox 300 1791 338 1867; x_wconf 92' lang='lat' dir='ltr'><strong>in</strong></span> <span class='ocrx_word' id='word_1_97' title='bbox 356 1791 512 1868; x_wconf 78' lang='lat' dir='ltr'><strong>Ecclesia</strong></span> <span class='ocrx_word' id='word_1_98' title='bbox 531 1792 648 1867; x_wconf 82' lang='lat' dir='ltr'><strong>nostra</strong></span> <span class='ocrx_word' id='word_1_99' title='bbox 669 1793 740 1866; x_wconf 88' lang='lat' dir='ltr'><strong>hoc</strong></span> <span class='ocrx_word' id='word_1_100' title='bbox 755 1787 857 1888; x_wconf 81' lang='lat' dir='ltr'><strong>polht</strong></span> 
     </span>
     <span class='ocr_line' id='line_1_17' title="bbox 54 1882 856 1988; baseline -0.004 -23"><span class='ocrx_word' id='word_1_101' title='bbox 54 1882 143 1987; x_wconf 62' lang='lat' dir='ltr'><strong>lethi</strong></span> <span class='ocrx_word' id='word_1_102' title='bbox 155 1891 232 1988; x_wconf 80' lang='lat' dir='ltr'><strong>quis</strong></span> <span class='ocrx_word' id='word_1_103' title='bbox 248 1889 402 1966; x_wconf 84' lang='lat' dir='ltr'><strong>nostrum</strong></span> <span class='ocrx_word' id='word_1_104' title='bbox 416 1912 635 1988; x_wconf 86' lang='lat' dir='ltr'><strong>quemquam</strong></span> <span class='ocrx_word' id='word_1_105' title='bbox 652 1889 856 1988; x_wconf 76' lang='lat' dir='ltr'><strong>persecutus</strong></span> 
     </span>
    </p>

    <p class='ocr_par' dir='ltr' id='par_1_9' title="bbox 54 1976 858 2462">
     <span class='ocr_line' id='line_1_18' title="bbox 54 1976 856 2087; baseline -0.01 -18"><span class='ocrx_word' id='word_1_106' title='bbox 54 1976 88 2069; x_wconf 82' lang='lat' dir='ltr'><strong>ll</strong></span> <span class='ocrx_word' id='word_1_107' title='bbox 102 1987 188 2067; x_wconf 73' lang='lat' dir='ltr'><strong>uter</strong></span> <span class='ocrx_word' id='word_1_108' title='bbox 208 1988 328 2087; x_wconf 81' lang='lat' dir='ltr'><strong>potius</strong></span> <span class='ocrx_word' id='word_1_109' title='bbox 357 2012 379 2065; x_wconf 91' lang='lat' dir='ltr'><strong>a</strong></span> <span class='ocrx_word' id='word_1_110' title='bbox 409 1991 583 2087; x_wconf 84' lang='lat' dir='ltr'><strong>principio</strong></span> <span class='ocrx_word' id='word_1_111' title='bbox 619 1989 681 2066; x_wconf 86' lang='lat' dir='ltr'><strong>suo</strong></span> <span class='ocrx_word' id='word_1_112' title='bbox 707 1988 856 2065; x_wconf 84' lang='lat' dir='ltr'><strong>rabidus</strong></span> 
     </span>
     <span class='ocr_line' id='line_1_19' title="bbox 54 2087 857 2185; baseline -0.009 -18"><span class='ocrx_word' id='word_1_113' title='bbox 54 2087 300 2185; x_wconf 74' lang='lat' dir='ltr'><strong>&#39;uttmorandos</strong></span> <span class='ocrx_word' id='word_1_114' title='bbox 325 2089 374 2165; x_wconf 89' lang='lat' dir='ltr'><strong>est</strong></span> <span class='ocrx_word' id='word_1_115' title='bbox 397 2091 510 2165; x_wconf 69' lang='lat' dir='ltr'><strong>furon&#39;</strong></span> <span class='ocrx_word' id='word_1_116' title='bbox 557 2088 698 2165; x_wconf 81' lang='lat' dir='ltr'>Redeat</span> <span class='ocrx_word' id='word_1_117' title='bbox 721 2087 758 2161; x_wconf 90' lang='lat' dir='ltr'><strong>in</strong></span> <span class='ocrx_word' id='word_1_118' title='bbox 779 2108 857 2161; x_wconf 58' lang='lat' dir='ltr'><strong>roe</strong></span> 
     </span>
     <span class='ocr_line' id='line_1_20' title="bbox 54 2185 856 2295; baseline -0.007 -30"><span class='ocrx_word' id='word_1_119' title='bbox 54 2188 129 2265; x_wconf 76' lang='lat' dir='ltr'><strong>uicto</strong></span> <span class='ocrx_word' id='word_1_120' title='bbox 143 2185 389 2263; x_wconf 79' lang='lat' dir='ltr'><strong>constantinus</strong></span> <span class='ocrx_word' id='word_1_121' title='bbox 404 2188 601 2285; x_wconf 78' lang='lat' dir='ltr'><strong>Imperator</strong></span> <span class='ocrx_word' id='word_1_122' title='bbox 615 2186 856 2295; x_wconf 74' lang='lat' dir='ltr'><strong>Christianus,</strong></span> 
     </span>
     <span class='ocr_line' id='line_1_21' title="bbox 54 2284 858 2363; baseline -0.005 0"><span class='ocrx_word' id='word_1_123' title='bbox 54 2284 228 2363; x_wconf 76' lang='lat' dir='ltr'><strong>ethabuerit</strong></span> <span class='ocrx_word' id='word_1_124' title='bbox 251 2302 334 2362; x_wconf 85' lang='lat' dir='ltr'><strong>uota</strong></span> <span class='ocrx_word' id='word_1_125' title='bbox 360 2300 401 2362; x_wconf 91' lang='lat' dir='ltr'><strong>ut</strong></span> <span class='ocrx_word' id='word_1_126' title='bbox 423 2286 571 2362; x_wconf 82' lang='lat' dir='ltr'><strong>remotis</strong></span> <span class='ocrx_word' id='word_1_127' title='bbox 592 2284 858 2362; x_wconf 76' lang='lat' dir='ltr'><strong>schismatibus</strong></span> 
     </span>
     <span class='ocr_line' id='line_1_22' title="bbox 54 2382 857 2462; baseline -0.004 -1"><span class='ocrx_word' id='word_1_128' title='bbox 54 2384 163 2461; x_wconf 69' lang='lat' dir='ltr'><strong>helom</strong></span> <span class='ocrx_word' id='word_1_129' title='bbox 180 2386 304 2461; x_wconf 91' lang='lat' dir='ltr'><strong>inuno</strong></span> <span class='ocrx_word' id='word_1_130' title='bbox 318 2387 455 2462; x_wconf 86' lang='lat' dir='ltr'><strong>uideret</strong></span> <span class='ocrx_word' id='word_1_131' title='bbox 472 2386 585 2461; x_wconf 73' lang='lat' dir='ltr'><strong>sanita</strong></span> <span class='ocrx_word' id='word_1_132' title='bbox 601 2400 718 2461; x_wconf 85' lang='lat' dir='ltr'><strong>mater</strong></span> <span class='ocrx_word' id='word_1_133' title='bbox 732 2382 857 2459; x_wconf 77' lang='lat' dir='ltr'><strong>Eccle-</strong></span> 
     </span>
    </p>

    <p class='ocr_par' dir='ltr' id='par_1_10' title="bbox 53 2482 918 3654">
     <span class='ocr_line' id='line_1_23' title="bbox 67 2482 858 2580; baseline -0.006 -19"><span class='ocrx_word' id='word_1_134' title='bbox 67 2534 77 2571; x_wconf 86' lang='lat'>‚</span> <span class='ocrx_word' id='word_1_135' title='bbox 97 2482 205 2580; x_wconf 80' lang='lat' dir='ltr'><strong>inqua</strong></span> <span class='ocrx_word' id='word_1_136' title='bbox 234 2483 334 2559; x_wconf 88' lang='lat' dir='ltr'><strong>nulla</strong></span> <span class='ocrx_word' id='word_1_137' title='bbox 362 2483 505 2562; x_wconf 85' lang='lat' dir='ltr'><strong>fuerant</strong></span> <span class='ocrx_word' id='word_1_138' title='bbox 530 2485 723 2560; x_wconf 80' lang='lat' dir='ltr'><strong>schismata</strong></span> <span class='ocrx_word' id='word_1_139' title='bbox 743 2506 766 2557; x_wconf 74' lang='grc' dir='ltr'><strong>ι·</strong></span> <span class='ocrx_word' id='word_1_140' title='bbox 784 2503 858 2580; x_wconf 81' lang='lat' dir='ltr'><strong>pax</strong></span> 
     </span>
     <span class='ocr_line' id='line_1_24' title="bbox 54 2580 859 2681; baseline -0.001 -26"><span class='ocrx_word' id='word_1_141' title='bbox 54 2581 193 2679; x_wconf 84' lang='lat' dir='ltr'><strong>nplrcita</strong></span> <span class='ocrx_word' id='word_1_142' title='bbox 204 2584 303 2681; x_wconf 81' lang='lat' dir='ltr'><strong>apud</strong></span> <span class='ocrx_word' id='word_1_143' title='bbox 326 2606 451 2658; x_wconf 79' lang='lat' dir='ltr'><strong>omnen</strong></span> <span class='ocrx_word' id='word_1_144' title='bbox 469 2582 688 2659; x_wconf 82' lang='lat' dir='ltr'><strong>Christianos</strong></span> <span class='ocrx_word' id='word_1_145' title='bbox 703 2580 859 2680; x_wconf 75' lang='lat' dir='ltr'><strong>populos</strong></span> 
     </span>
     <span class='ocr_line' id='line_1_25' title="bbox 54 2679 859 2778; baseline -0.007 -19"><span class='ocrx_word' id='word_1_146' title='bbox 54 2679 350 2766; x_wconf 64' lang='lat' dir='ltr'><strong>mountabouns</strong></span> <span class='ocrx_word' id='word_1_147' title='bbox 366 2684 540 2758; x_wconf 82' lang='lat' dir='ltr'><strong>maerebat</strong></span> <span class='ocrx_word' id='word_1_148' title='bbox 555 2683 592 2757; x_wconf 91' lang='lat' dir='ltr'><strong>in</strong></span> <span class='ocrx_word' id='word_1_149' title='bbox 607 2681 773 2778; x_wconf 87' lang='lat' dir='ltr'><strong>templis,</strong></span> <span class='ocrx_word' id='word_1_150' title='bbox 788 2700 859 2753; x_wconf 77' lang='lat' dir='ltr'><strong>von</strong></span> 
     </span>
     <span class='ocr_line' id='line_1_26' title="bbox 55 2778 856 2877; baseline 0.001 -23"><span class='ocrx_word' id='word_1_151' title='bbox 55 2781 220 2877; x_wconf 70' lang='lat' dir='ltr'><strong>epionihus</strong></span> <span class='ocrx_word' id='word_1_152' title='bbox 240 2781 378 2858; x_wconf 84' lang='lat' dir='ltr'><strong>alienis.</strong></span> <span class='ocrx_word' id='word_1_153' title='bbox 429 2781 568 2857; x_wconf 84' lang='lat' dir='ltr'><strong>Deinde</strong></span> <span class='ocrx_word' id='word_1_154' title='bbox 597 2780 738 2856; x_wconf 77' lang='lat' dir='ltr'><strong>secutur</strong></span> <span class='ocrx_word' id='word_1_155' title='bbox 761 2778 856 2855; x_wconf 83' lang='lat' dir='ltr'><strong>alius</strong></span> 
     </span>
     <span class='ocr_line' id='line_1_27' title="bbox 54 2879 854 2977; baseline -0.005 -22"><span class='ocrx_word' id='word_1_156' title='bbox 54 2893 163 2977; x_wconf 81' lang='lat' dir='ltr'><strong>parator</strong></span> <span class='ocrx_word' id='word_1_157' title='bbox 183 2881 369 2955; x_wconf 81' lang='lat' dir='ltr'><strong>vobiscum</strong></span> <span class='ocrx_word' id='word_1_158' title='bbox 392 2896 478 2955; x_wconf 79' lang='lat' dir='ltr'><strong>voto</strong></span> <span class='ocrx_word' id='word_1_159' title='bbox 497 2879 627 2957; x_wconf 80' lang='lat' dir='ltr'><strong>finistra</strong></span> <span class='ocrx_word' id='word_1_160' title='bbox 649 2880 854 2977; x_wconf 78' lang='lat' dir='ltr'><strong>concipiam</strong></span> 
     </span>
     <span class='ocr_line' id='line_1_28' title="bbox 53 2976 854 3075; baseline 0.002 -24"><span class='ocrx_word' id='word_1_161' title='bbox 53 2976 211 3075; x_wconf 75' lang='lat' dir='ltr'><strong>apostatam</strong></span> <span class='ocrx_word' id='word_1_162' title='bbox 228 2978 263 3054; x_wconf 90' lang='lat' dir='ltr'><strong>se</strong></span> <span class='ocrx_word' id='word_1_163' title='bbox 279 2978 350 3054; x_wconf 78' lang='lat' dir='ltr'><strong>suis</strong></span> <span class='ocrx_word' id='word_1_164' title='bbox 364 2979 487 3055; x_wconf 70' lang='lat' dir='ltr'><strong>edictis</strong></span> <span class='ocrx_word' id='word_1_165' title='bbox 497 2978 642 3059; x_wconf 84' lang='lat' dir='ltr'><strong>taliatus</strong></span> <span class='ocrx_word' id='word_1_166' title='bbox 655 2977 724 3066; x_wconf 86' lang='lat' dir='ltr'><strong>eil,</strong></span> <span class='ocrx_word' id='word_1_167' title='bbox 745 2998 854 3075; x_wconf 86' lang='lat' dir='ltr'><strong>quem</strong></span> 
     </span>
     <span class='ocr_line' id='line_1_29' title="bbox 53 3076 854 3176; baseline 0 -23"><span class='ocrx_word' id='word_1_168' title='bbox 53 3076 129 3168; x_wconf 78' lang='lat' dir='ltr'><strong>etit,</strong></span> <span class='ocrx_word' id='word_1_169' title='bbox 157 3092 199 3156; x_wconf 86' lang='lat' dir='ltr'><strong>ot</strong></span> <span class='ocrx_word' id='word_1_170' title='bbox 213 3078 344 3153; x_wconf 83' lang='lat' dir='ltr'><strong>reverti</strong></span> <span class='ocrx_word' id='word_1_171' title='bbox 366 3079 517 3176; x_wconf 87' lang='lat' dir='ltr'><strong>polletis.</strong></span> <span class='ocrx_word' id='word_1_172' title='bbox 552 3078 660 3154; x_wconf 75' lang='lat' dir='ltr'><strong>loire</strong></span> <span class='ocrx_word' id='word_1_173' title='bbox 683 3077 854 3174; x_wconf 88' lang='lat' dir='ltr'><strong>praecepit</strong></span> 
     </span>
     <span class='ocr_line' id='line_1_30' title="bbox 69 3173 854 3275; baseline -0.003 -24"><span class='ocrx_word' id='word_1_174' title='bbox 69 3190 142 3252; x_wconf 75' lang='lat' dir='ltr'><strong>toto</strong></span> <span class='ocrx_word' id='word_1_175' title='bbox 159 3176 254 3261; x_wconf 84' lang='lat' dir='ltr'><strong>luo.</strong></span> <span class='ocrx_word' id='word_1_176' title='bbox 288 3200 381 3275; x_wconf 81' lang='lat' dir='ltr'><strong>quon</strong></span> <span class='ocrx_word' id='word_1_177' title='bbox 404 3178 632 3254; x_wconf 87' lang='lat' dir='ltr'><strong>intellexerat</strong></span> <span class='ocrx_word' id='word_1_178' title='bbox 657 3175 705 3254; x_wconf 86' lang='lat' dir='ltr'><strong>ad</strong></span> <span class='ocrx_word' id='word_1_179' title='bbox 727 3173 854 3251; x_wconf 83' lang='lat' dir='ltr'><strong>distor-</strong></span> 
     </span>
     <span class='ocr_line' id='line_1_31' title="bbox 54 3276 851 3373; baseline -0.003 -20"><span class='ocrx_word' id='word_1_180' title='bbox 54 3276 278 3373; x_wconf 79' lang='lat' dir='ltr'><strong>lampacem</strong></span> <span class='ocrx_word' id='word_1_181' title='bbox 307 3299 390 3352; x_wconf 87' lang='lat' dir='ltr'><strong>cum</strong></span> <span class='ocrx_word' id='word_1_182' title='bbox 422 3277 542 3354; x_wconf 83' lang='lat' dir='ltr'><strong>furore</strong></span> <span class='ocrx_word' id='word_1_183' title='bbox 577 3277 644 3351; x_wconf 83' lang='lat' dir='ltr'><strong>elle</strong></span> <span class='ocrx_word' id='word_1_184' title='bbox 669 3289 851 3352; x_wconf 74' lang='lat' dir='ltr'><strong>venturoa</strong></span> 
     </span>
     <span class='ocr_line' id='line_1_32' title="bbox 53 3372 855 3473; baseline -0.001 -23"><span class='ocrx_word' id='word_1_185' title='bbox 53 3374 113 3450; x_wconf 85' lang='lat' dir='ltr'><strong>lem</strong></span> <span class='ocrx_word' id='word_1_186' title='bbox 131 3398 224 3473; x_wconf 78' lang='lat' dir='ltr'><strong>pene</strong></span> <span class='ocrx_word' id='word_1_187' title='bbox 244 3378 437 3451; x_wconf 80' lang='lat' dir='ltr'><strong>momentis</strong></span> <span class='ocrx_word' id='word_1_188' title='bbox 461 3374 573 3451; x_wconf 85' lang='lat' dir='ltr'><strong>vester</strong></span> <span class='ocrx_word' id='word_1_189' title='bbox 588 3376 687 3451; x_wconf 83' lang='lat' dir='ltr'><strong>furor</strong></span> <span class='ocrx_word' id='word_1_190' title='bbox 701 3372 738 3451; x_wconf 89' lang='lat' dir='ltr'><strong>in</strong></span> <span class='ocrx_word' id='word_1_191' title='bbox 756 3372 855 3449; x_wconf 84' lang='lat' dir='ltr'><strong>Afri·</strong></span> 
     </span>
     <span class='ocr_line' id='line_1_33' title="bbox 53 3472 918 3566; baseline 0.001 -19"><span class='ocrx_word' id='word_1_192' title='bbox 53 3476 266 3551; x_wconf 73' lang='lat' dir='ltr'><strong>treventitor:</strong></span> <span class='ocrx_word' id='word_1_193' title='bbox 291 3473 431 3554; x_wconf 80' lang='lat' dir='ltr'><strong>venistis</strong></span> <span class='ocrx_word' id='word_1_194' title='bbox 446 3475 579 3565; x_wconf 83' lang='lat' dir='ltr'><strong>rabidi.</strong></span> <span class='ocrx_word' id='word_1_195' title='bbox 595 3472 738 3551; x_wconf 80' lang='lat' dir='ltr'><strong>venistis</strong></span> <span class='ocrx_word' id='word_1_196' title='bbox 750 3474 854 3566; x_wconf 85' lang='lat' dir='ltr'><strong>irati,</strong></span> <span class='ocrx_word' id='word_1_197' title='bbox 913 3526 918 3535; x_wconf 85' lang='lat'>·</span> 
     </span>
     <span class='ocr_line' id='line_1_34' title="bbox 53 3572 854 3654; baseline -0.002 -5"><span class='ocrx_word' id='word_1_198' title='bbox 53 3574 126 3649; x_wconf 83' lang='lat' dir='ltr'><strong>ebra</strong></span> <span class='ocrx_word' id='word_1_199' title='bbox 139 3574 317 3651; x_wconf 82' lang='lat' dir='ltr'><strong>laniantes</strong></span> <span class='ocrx_word' id='word_1_200' title='bbox 332 3573 510 3652; x_wconf 77' lang='lat' dir='ltr'><strong>Ecclesiae.</strong></span> <span class='ocrx_word' id='word_1_201' title='bbox 556 3572 611 3649; x_wconf 84' lang='lat' dir='ltr'><strong>De</strong></span> <span class='ocrx_word' id='word_1_202' title='bbox 627 3572 765 3654; x_wconf 80' lang='lat' dir='ltr'><strong>sedibus</strong></span> <span class='ocrx_word' id='word_1_203' title='bbox 783 3572 854 3648; x_wconf 80' lang='lat' dir='ltr'><strong>luis</strong></span> 
     </span>
    </p>

    <p class='ocr_par' dir='ltr' id='par_1_11' title="bbox 53 3669 853 3763">
     <span class='ocr_line' id='line_1_35' title="bbox 53 3669 853 3763; baseline -0.001 -15"><span class='ocrx_word' id='word_1_204' title='bbox 53 3684 106 3749; x_wconf 82' lang='lat' dir='ltr'><strong>tos</strong></span> <span class='ocrx_word' id='word_1_205' title='bbox 123 3669 458 3763; x_wconf 77' lang='lat' dir='ltr'><strong>locidioextorres.</strong></span> <span class='ocrx_word' id='word_1_206' title='bbox 481 3671 643 3752; x_wconf 76' lang='lat' dir='ltr'><strong>basilicon</strong></span> <span class='ocrx_word' id='word_1_207' title='bbox 656 3671 853 3759; x_wconf 70' lang='lat' dir='ltr'><strong>invasistis.</strong></span> 
     </span>
    </p>
   </div>
   <div class='ocr_carea' id='block_1_5' title="bbox 368 3770 855 3877">
    <p class='ocr_par' dir='ltr' id='par_1_12' title="bbox 368 3770 855 3877">
     <span class='ocr_line' id='line_1_36' title="bbox 368 3770 855 3877; baseline 0.008 -28"><span class='ocrx_word' id='word_1_208' title='bbox 368 3770 387 3849; x_wconf 91' lang='lat' dir='ltr'><strong>l</strong></span> <span class='ocrx_word' id='word_1_209' title='bbox 410 3799 433 3872; x_wconf 82' lang='lat'>3</span> <span class='ocrx_word' id='word_1_210' title='bbox 717 3771 855 3877; x_wconf 63' lang='lat' dir='ltr'><strong>‚multi</strong></span> 
     </span>
    </p>
   </div>
   <div class='ocr_carea' id='block_1_6' title="bbox 0 0 1204 4380">
    <p class='ocr_par' dir='ltr' id='par_1_13' title="bbox 0 0 1204 4380">
     <span class='ocr_line' id='line_1_37' title="bbox 0 0 1204 4380; baseline 0 0"><span class='ocrx_word' id='word_1_211' title='bbox 0 0 1204 4380; x_wconf 95' lang='lat' dir='ltr'><strong> </strong></span> 
     </span>
    </p>
   </div>
  </div>
 </body>
</html>
