2400 4380
200 314 213 321 ,
313 210 542 312 Tausiuruu-
701 228 704 233 ’
772 242 896 344 1399
1032 236 1035 243 ’

72 426 194 497 ,nam
218 406 420 505 impugnari
436 433 458 485 a
474 404 686 505 passionibus
703 404 890 506 &repugn
948 466 950 477 .

66 533 74 583 e
104 510 233 584 iisdem
262 512 434 604 probatos
455 532 523 582 nos
562 508 681 595 reddit
718 509 765 585 ad
794 503 891 586 'belli

66 626 109 684 ru
136 632 145 683 :
175 604 238 681 n'isr
265 609 361 680 enirn
386 611 708 704 impugnaremur,
742 610 902 705 eosqui·
995 692 997 703 ,

66 721 267 800 ugnantur,
290 706 432 780 fortasse
449 709 772 782 condemnaremus
793 732 837 782 ac
852 709 892 783 in
926 706 937 781 r'
1006 710 1015 773 .’

66 809 187 881 ubiam
205 805 447 892 incideremus
471 833 480 880 :
510 829 594 880 nam
615 830 687 879 non
712 805 760 881 esi
781 828 891 905 grave
1007 842 1022 907 ,ι

66 905 188 1000 ugnari
204 904 450 1000 &repugnare
460 904 692 1001 passionibus,
714 905 772 1003 sed
781 926 891 999 grave
907 941 910 948 ·

93 1004 303 1079 adversariis
328 1003 566 1083 succumbere.
603 1003 893 1098 Attend'eigittir

69 1104 158 1200 ipsi,
182 1128 228 1177 ne
250 1103 366 1197 gioria
388 1104 500 1178 divini
532 1103 691 1200 aspetius
715 1104 891 1200 priveris,

66 1229 71 1278 ι
107 1202 275 1298 scriptum
309 1201 357 1275 est
384 1222 393 1276 τ
419 1196 554 1317 ¹pacem
585 1202 773 1297 sequimini
807 1224 893 1297 cum

66 1302 159 1376 tibus
176 1300 213 1376 de
237 1295 551 1376 sandificatronem
570 1353 581 1388 ‚
606 1301 678 1376 fine
696 1326 766 1398 qua
782 1325 893 1378 nemo

66 1402 125 1476 ibit
142 1400 289 1489 Deum,
314 1403 373 1475 cui
388 1402 565 1487 convenit
575 1400 691 1497 gloria
706 1404 745 1477 in
762 1400 893 1478 saecula
944 1460 947 1469 .
1046 1450 1051 1462 ·
1102 1472 1117 1501 ,·

66 1500 211 1577 dorum.
237 1498 369 1575 Amen.
730 1576 732 1591 ,
883 1534 886 1539 ·
1067 1560 1115 1629 «Ι

238 1655 496 1740 CAPUT
546 1660 609 1743 IV.

66 1818 81 1870 e
99 1791 283 1871 admiseris
308 1794 493 1873 confilium
508 1787 889 1891 prave-sentientium
902 1802 1014 1877 auru
1112 1866 1115 1871 .

66 1894 1046 2090 restseretrrtrrsidtstbdrraredd

66 2082 170 2167 simus
190 2093 262 2189 post
293 2110 448 2168 mortem
472 2091 648 2188 judicium
678 2092 715 2167 dc
737 2073 1070 2169 necuim-'mm

69 2215 138 2267 em.
164 2194 217 2285 Tu
236 2217 321 2267 vero
341 2190 656 2266 cbarissrmefidem
670 2191 764 2266 habe
782 2166 969 2293 cunc-'m‘
1055 2232 1059 2239 ,
1103 2242 1106 2249 ι

84 2312 166 2387 quae
180 2293 357 2368 habentur
366 2294 403 2366 in
414 2291 544 2365 divinis
559 2291 774 2387 scriptume,
791 2287 893 2388 Fuge

66 2414 112 2464 :m
135 2391 313 2465 sermones
331 2390 608 2466 incredulorum.
635 2391 752 2465 Cerne
772 2388 892 2464 Hero·

66 2489 216 2585 tregali
247 2490 340 2565 veste
372 2489 583 2578 amisium,
623 2489 681 2564 sed
707 2489 790 2587 quia
818 2506 897 2568 non·
965 2503 969 2525 “
1038 2567 1042 2577 ,

66 2588 90 2662 it
114 2591 265 2683 gloriam
280 2589 387 2674 Deo,
414 2589 644 2686 consumptus
662 2611 684 2663 a
710 2586 893 2665 vermibus

66 2686 135 2764 tiit.
161 2687 237 2796 ᾼὲἷ.
259 2710 324 2763 12.1
343 2688 382 2763 Si
401 2703 545 2784 propter
563 2690 734 2764 virtutem
748 2684 893 2785 aliquos
989 2749 991 2754 .
1012 2688 1017 2703 ’

66 2783 174 2861 ersum
193 2802 230 2861 te
250 2786 470 2862 suscitaverit
487 2786 891 2887 honestatisinimicus,
983 2859 986 2864 ,
1040 2790 1044 2802 ’

66 2889 223 2961 imorem
238 2888 439 2962 humanum
464 2888 636 2982 pietatem
660 2910 706 2961 ne
731 2887 893 2980 deseras3

66 2980 326 3061 iSalvatorem
354 2985 534 3059 dicentem
561 3006 569 3056 τ
601 2980 641 3062 Si
667 3006 716 3060 me
732 2984 899 3085 persecuti

66 3084 138 3172 int,
161 3085 200 3159 &³
221 3109 278 3158 uos
291 3084 527 3182 persequentur.
548 3082 657 3187 Joun.
682 3107 734 3181 15.
771 3087 893 3172 Quare

66 3203 114 3257 ere
142 3195 285 3280 oportet
315 3197 504 3278 corruptos
527 3206 635 3279 praue
663 3182 892 3262 sentientium
1062 3264 1065 3271 ,

66 3306 196 3370 iones,
220 3306 266 3357 ne
282 3281 376 3356 sorte
402 3281 593 3359 fallacibus
618 3302 744 3358 eorum
773 3287 894 3361 verbis
971 3338 978 3346 -

66 3382 203 3469 utienS‚
226 3381 264 3457 dr
280 3382 325 3455 ab
349 3380 494 3475 angusta
520 3383 578 3457 uia
597 3381 794 3468 recedens,
819 3386 896 3481 igni

66 3481 255 3575 rtinguibili
273 3479 429 3553 traditus
446 3481 573 3555 audias
596 3505 604 3554 :
628 3477 683 3577 fili
704 3484 897 3567 recordare,

66 3582 223 3754 :recifissi
235 3579 321 3654 bona
338 3582 373 3652 iu
390 3581 459 3652 uiro
473 3593 529 3653 ruo
547 3634 557 3664 ‚
584 3576 623 3655 si
639 3578 795 3656 Lazarus
804 3580 899 3680 fimi·
938 3591 941 3604 “

87 3704 140 3757 ma
155 3704 177 3754 a
189 3731 203 3774 ,
227 3704 312 3756 nuuc
328 3689 433 3756 autem
457 3677 508 3757 su'c
523 3679 729 3782 consolatur,
760 3692 797 3755 tu
821 3699 899 3755 uero
998 3752 1001 3757 ,
1040 3683 1056 3713 ”

790 3799 892 3868 assiu·
921 3817 955 3845 '·
1007 3822 1010 3833 ⁴
1061 3791 1064 3795 ⁷
