2400 4380
10 33 55 377 l
118 210 163 298 rle
185 140 400 315 Schsnnctc
419 206 611 325 Danant.
641 208 727 330 Lib..
750 200 828 304 VIss
888 232 970 330 133
1078 196 1084 213 ’

10 394 383 502 ηωοᾶόριηῢοία-
396 395 599 499 nuptiarum
614 396 740 473 Marti.
758 426 818 474 22.
847 422 972 496 perped
1119 392 1122 397 ’

10 502 150 591 cmm
168 520 194 571 a
209 495 445 573 Parmeniano
465 494 652 590 allegatur.
676 521 760 573 nam
775 498 812 572 in
825 498 972 593 illisqui

10 639 26 675 τ
44 596 258 695 ,ῥιμὶεωα
273 593 447 691 singulare
464 594 678 669 servaverint
698 596 808 671 securi
820 597 973 683 discum·

10 710 26 743 ‘²'
49 697 197 789 „bcut,
230 718 314 771 curn
354 703 501 768 econtra
528 694 731 789 quicunque
759 697 907 770 avobis
936 696 975 774 se

10 838 25 891 7.
46 793 290 893 „rebaptizari
321 791 532 869 consenserit
556 846 569 881 ,
604 791 810 891 hujusmodi
833 793 973 871 honrini

10 899 145 1021 pfflorr
175 892 377 989 denegatur
400 890 632 979 resurresiio‚
656 893 913 988 quiacredidit
934 896 974 971 iu

41 990 368 1085 ‚pesurrestioncm
388 993 530 1079 carnis,
555 990 713 1087 resurget
734 992 901 1086 quidem,
913 984 974 1067 se'd

32 1090 220 1187 ⁶„nudu13
249 1092 333 1189 quia
349 1091 501 1188 nuptiali
523 1088 616 1166 veste
637 1091 777 1166 avobis
794 1089 829 1164 se
848 1090 973 1187 exspo-

44 1190 153 1283 ,uari
175 1189 344 1289 permisit.
394 1188 578 1267 Abstinete
595 1210 680 1285 ergo
696 1191 742 1266 ab
757 1190 827 1265 hoc
843 1191 973 1273 scelere
1132 1196 1134 1200 ’

20 1310 231 1385 ·,,-.ιιι,ιιιιιεε
255 1287 421 1365 sanstitas
442 1344 453 1373 ‚
476 1302 517 1363 ut
537 1288 689 1375 dicitis,
720 1289 831 1364 vestra
855 1289 972 1386 primo

50 1386 256 1481 ,resuscitet
290 1389 487 1486 sepultos,
526 1389 725 1475 emendet,
767 1387 793 1463 fi
829 1387 972 1483 potest,

48 1503 259 1581 „mortuos‚
280 1486 318 1565 δι
334 1486 380 1562 fic
396 1499 595 1563 revertatur
610 1488 657 1562 ad
674 1488 787 1563 vivos.
819 1487 860 1564 Si
875 1509 971 1562 mor·
1073 1548 1077 1561 .

13 1596 153 1689 mos
168 1586 340 1665 suscitare
356 1611 428 1661 non
449 1587 619 1683 potestis,
643 1599 684 1661 ut
709 1587 796 1682 quid
820 1587 972 1661 viventi·
1018 1648 1021 1653 .
1067 1624 1070 1629 ·

14 1722 36 1763 -.;
51 1684 136 1779 ,pus
165 1686 354 1763 conamini
375 1708 504 1761 manus
530 1681 695 1761 inferre?
721 1684 784 1761 nisr
807 1695 848 1759 ut
872 1708 972 1763 com·
1110 1698 1130 1745 '·

10 1784 249 1881 :mplestun
284 1785 379 1880 quod
404 1806 467 1882 per
495 1784 727 1859 Ezechielem
761 1783 972 1881 prophetam

10 1902 18 1951 ὲ
52 1884 222 1977 ,locutus
239 1882 290 1958 est
305 1883 406 1959 Deus
422 1883 546 1959 dicens
563 1907 572 1957 :
597 1894 634 1959 ut
648 1883 823 1959 occiderent
834 1883 975 1981 animas,

10 2004 35 2181 Γ.
48 2008 153 2085 ,Μ
169 2009 241 2060 son
259 1984 405 2083 oportuit
419 1984 512 2059 mori.
534 1980 658 2060 Ezecl.
680 2010 735 2078 13.
753 2008 785 2060 v.
807 2008 863 2078 19.

347 2195 560 2273 LIBER
608 2196 672 2275 Vl.

10 2324 19 2426 ,²
43 2404 75 2463 ι.
109 2380 239 2556 „Jam
255 2380 318 2457 illa
332 2378 548 2455 ostendenda
565 2378 663 2468 sunt,
684 2399 766 2476 qnae
783 2376 975 2453 crudeliter
992 2372 1158 2474 Donatista

205 2505 276 2569 „ac
299 2480 404 2557 stulte
428 2502 495 2554 vos
521 2479 638 2555 fecisse
661 2500 792 2573 negare
826 2477 975 2555 minime
987 2460 1100 2557 atram

38 2578 253 2681 „poteritis
304 2580 398 2668 Quid
414 2580 510 2653 enim
527 2594 604 2655 tarn
620 2578 850 2672 sacrilegum,
867 2597 975 2671 quam
988 2565 1077 2627 ’ΜΨ
1085 2542 1159 2628 fu·

41 2675 205 2773 „utana
220 2678 316 2763 Dei,
339 2682 377 2755 in
402 2679 533 2774 quibus
555 2678 592 2753 δι
617 2701 683 2752 vos
699 2674 893 2773 aliquando
913 2675 975 2751 ob.
987 2638 1108 2715 smus·

19 2774 234 2872 ·„tuliliis,
264 2778 457 2873 frangere,
490 2779 644 2866 radere,
678 2796 863 2852 removere
887 2772 907 2847 ‘2
939 2774 978 2848 in

43 2877 208 2975 „quibus
232 2876 271 2953 &
302 2892 388 2953 vota
414 2876 565 2973 populi,
598 2876 636 2952 &
659 2875 821 2951 membra
849 2870 978 2948 Christi

45 2988 221 3074 „portata
237 2976 348 3065 lunt,
374 2998 445 3073 quo
466 2976 565 3050 Deus
587 2975 814 3071 omnipotens
831 2973 977 3046 invoca·

46 3090 135 3171 „tus
165 3075 248 3165 eli,
277 3099 349 3174 quo
379 3074 576 3173 postulatus
603 3074 784 3149 descendit
820 3073 978 3169 Spiritus
1030 3124 1033 3129 -

47 3173 231 3267 „Sanslus
249 3227 262 3265 ,
286 3174 383 3249 unde
399 3197 421 3249 s
436 3174 562 3253 multis
578 3172 615 3249 &
630 3175 758 3271 pignus
772 3174 857 3248 vitae
871 3182 977 3246 aeter·
1122 3200 1131 3217 ·

47 3296 156 3365 ΓΜ,
180 3274 220 3350 &
230 3275 368 3359 tutela,
384 3272 475 3348 fides
491 3272 529 3348 sit
545 3272 623 3370 spes
636 3270 897 3347 resurresiionis
916 3292 979 3344 ac·

47 3385 183 3470 „cepta
199 3371 281 3458 est,
313 3374 444 3469 quibus
468 3373 703 3447 fraternitatis
728 3391 879 3446 munera
903 3392 977 3443 non

47 3470 171 3573 „jullit
206 3472 375 3548 Salvator
404 3472 569 3569 imponi,
603 3470 667 3547 nisr
690 3492 772 3568 quse
799 3469 908 3543 ellent
932 3469 1095 3541 dessectis

10 3570 494 3769 *utirllttsis
509 3595 687 3771 slsis
704 3555 1151 3764 pappare

10 3762 13 3771 ·
50 3724 63 3767 ’
954 3767 962 3781 ·
992 3724 1064 3794 clar

489 3768 570 3867 Ks
851 3765 980 3859 „Chrl‘
1058 3770 1074 3861 Ι.
