2400 4380
191 102 196 121 ·
290 240 294 249 ·
347 132 580 301 Pataeacses.
847 123 964 311 gog<
1007 182 1033 265 J
1081 218 1085 231 ¹

55 371 82 447 :t
98 329 191 447 itud
207 378 245 447 te
260 368 355 446 nosse
380 371 465 447 volo
483 423 494 455 ,
519 367 617 469 quod
644 369 720 466 qni,
737 370 935 453 committit

55 483 223 546 occatum
246 469 393 585 grayius
417 468 555 585 bellum
574 468 686 545 habet
711 493 782 556 eo,
815 470 937 567 quise

56 572 204 645 ontinet.
263 567 427 665 'seipsum
450 582 560 665 igitur
591 568 640 643 ad
671 570 934 646 continentiam

58 668 240 766 ompcllc,
265 692 330 742 nec
354 669 531 764 templum
556 690 766 764 corrumpas
781 668 848 744 Dei
863 722 877 755 ,
895 666 936 745 dt
1000 761 1004 769 .
1087 720 1090 735 ·

55 782 106 842 ion
124 766 308 842 contristes
320 767 583 843 inhabitantem
599 769 637 843 in
656 768 760 843 nobis
776 767 845 845 Dei
853 768 937 865 Spi-

55 868 169 952 itum,
193 891 259 941 nec
275 865 409 941 santlos
427 867 576 962 angelos
592 866 719 943 nostrae
739 867 936 964 deputatos

55 965 201 1042 ustodiae
219 1019 229 1050 ,
249 964 286 1041 dc
311 965 538 1061 cogitemus,
564 965 656 1043 nihil
670 988 826 1053 eorum,
850 987 951 1062 quae.

55 1066 78 1139 d
99 1089 168 1139 nos
184 1063 390 1165 pertinent,
415 1065 529 1165 latere
553 1063 683 1141 Deum.
719 1064 852 1152 Quodn
868 1062 937 1141 tibi

55 1176 199 1260 aggerat
222 1164 420 1240 inimicus:
449 1162 556 1242 restat
584 1164 827 1261 poenitentia,
852 1163 938 1239 ideo

55 1288 105 1341 vm
123 1263 311 1339 voluntate
334 1273 398 1340 tua
419 1263 629 1362 perfruere:
668 1264 727 1338 dic
749 1263 796 1338 ad
823 1284 936 1345 eum:

55 1385 118 1462 nae
133 1363 274 1439 utilitas
292 1361 442 1439 domum
459 1364 550 1438 bene
562 1362 761 1438 extrudam
778 1361 941 1449 diruere,

54 1488 79 1539 .c
97 1461 217 1538 rursus
238 1460 430 1537 aedificare.
488 1459 542 1537 At
557 1462 701 1561 pinguis
722 1460 837 1536 fanus
862 1456 945 1539 es‘.²

54 1562 137 1638 lind
155 1562 264 1658 igitur
284 1560 350 1637 tibi
370 1561 443 1661 ipse
464 1560 556 1637 nihil
575 1573 706 1658 praeter
725 1559 841 1636 escam
860 1558 942 1636 ve'r·

54 1663 155 1738 oium
176 1660 358 1756 collegisti.
411 1662 506 1748 Quid
535 1661 601 1737 tibi
631 1660 833 1758 profuerit,
857 1658 944 1736 reli·

54 1760 145 1860 pilio
161 1758 368 1835 mundum?
392 1761 488 1836 Ecce
505 1758 637 1835 fratres
657 1760 730 1836 mei
746 1759 944 1836 virtutibuo

54 1860 152 1936 ituati
178 1858 287 1944 sunt,
313 1861 503 1955 Deumque
525 1859 685 1946 timent,
708 1878 777 1956 ego
799 1859 941 1936 veroin

54 1958 196 2036 tenebris
213 1957 361 2035 ambulo
379 1982 388 2034 τ
414 1982 521 2035 mane
539 1956 721 2057 resipisco,
745 1980 825 2035 cras
840 1958 943 2034 dete·

54 2058 130 2137 iota
141 2057 287 2155 perficio
305 2110 316 2145 ,
339 2056 376 2133 dc
393 2071 593 2138 creatorem
608 2080 731 2147 meum
750 2059 943 2139 exacerbo.

54 2158 207 2254 Suggeris
226 2156 317 2233 mihi
334 2157 507 2233 diabole:
533 2155 644 2232 semel
671 2156 778 2254 exple
809 2176 944 2231 concu-

54 2255 243 2356 piscentiam
264 2268 392 2345 tuam,
415 2258 452 2333 dt
465 2282 539 2331 non
565 2255 722 2354 amplius
738 2248 944 2353 indulgebis

54 2356 86 2433 ci.
107 2355 184 2433 Sed
199 2379 282 2431 ecce
305 2378 456 2453 parvum
478 2356 569 2431 illud
584 2375 741 2451 magnus
757 2355 849 2431 mihi
866 2353 945 2451 fao·

54 2466 99 2541 bis
121 2455 171 2531 est
193 2454 343 2540 hiatus,
369 2479 437 2531 nec
459 2455 595 2554 polium
620 2455 730 2531 variis
758 2454 833 2531 tuis
858 2474 946 2531 con·

54 2554 264 2653 cupiscentiis
280 2553 434 2630 relidere
451 2607 462 2642 ,
497 2578 582 2630 vere
599 2555 697 2629 enim
712 2567 949 2652 peccatorum

54 2654 258 2731 consuetudo
288 2652 425 2750 lapsum
448 2655 485 2728 in
514 2654 674 2729 deterius
705 2653 792 2749 agit
849 2652 946 2742 Quid

53 2772 126 2831 tero
143 2746 191 2827 ad
211 2753 482 2829 fraudulentum
503 2750 764 2850 deceptorem?
788 2748 949 2850 quicon·
1026 2758 1029 2763 '
1100 2750 1106 2761 ¹

54 2852 228 2929 boeotiam
268 2874 388 2927 meam
419 2852 466 2925 ob
496 2851 667 2927 stomachi
698 2852 948 2928 infirmitatem
1053 2918 1056 2923 .
1142 2844 1147 2861 '

53 2952 196 3038 evertit,
220 2951 258 3026 dt
274 2974 333 3026 me
355 2975 376 3024 a
398 2950 522 3045 vigilia
546 2952 582 3026 in
610 2952 834 3026 orationibus
859 2950 949 3026 alie·

53 3074 127 3128 uum
145 3050 262 3137 fecit,
286 3051 476 3155 avaritiam
503 3051 541 3124 in
565 3072 625 3126 me
659 3064 838 3146 praetextu
868 3048 949 3125 lon·

53 3150 151 3244 glotis
179 3147 367 3224 lenettutis
387 3149 594 3246 plantavit,
621 3148 830 3246 lachrymas
846 3163 949 3224 meas

53 3248 255 3331 exsiccavit,
272 3249 316 3325 ab
329 3248 532 3324 obedientia
544 3270 602 3323 me
619 3247 835 3344 segregavit,
854 3249 949 3323 otio·

53 3343 118 3425 iun
144 3371 204 3423 me
231 3346 423 3437 reddidit,
451 3347 489 3424 δι
523 3347 569 3423 s1c
594 3347 640 3421 de
666 3349 809 3422 coeteris
837 3347 948 3421 vitiis.

53 3444 135 3525 latis
152 3445 194 3523 fit
207 3445 274 3523 tibi
289 3458 414 3522 tantus
431 3447 599 3525 interitus
618 3445 785 3521 diabole:
803 3457 844 3520 tu
861 3466 948 3520 vero

53 3569 63 3619 t
87 3546 208 3623 anima
231 3569 314 3622 mea
347 3558 555 3636 revertere,
588 3549 673 3641 fuge
702 3542 948 3627 diabolum&
998 3609 1000 3617 .

53 3667 144 3748 »pera
162 3645 264 3744 ejus,
288 3642 425 3723 &Deo
443 3642 687 3742 benigniffimo
704 3645 878 3721 adhaere:
901 3662 952 3753 ne
1020 3678 1023 3683 ·

796 3734 949 3841 „despe-
