2430 4388
203 296 207 305 ,
272 184 361 313 aro
411 236 415 241 ’
518 204 692 323 Luciferi
725 206 940 301 Ceresirmi
1049 242 1069 309 3²

272 394 366 511 „toti
385 392 488 485 orbi,
509 408 552 474 ut
570 395 684 473 cunsli
709 395 788 493 ejus
804 394 929 497 poslmt
947 414 1079 515 negare
1101 387 1187 489 diri

270 509 631 693 ”mtss‘ff'nmsne
647 591 964 679 contumeliosum,
988 548 1187 691 quiana,

268 692 334 785 „Gr
365 694 452 769 mihi
481 692 681 769 commissos
704 694 810 790 cupio
837 717 911 769 non
936 702 999 767 tua
1026 690 1187 789 pestifera

265 792 451 882 „dottrina
466 790 644 867 vulnerari
662 845 672 874 .
696 794 780 890 quia
794 792 896 878 dico,
918 790 1045 868 morbo
1061 802 1099 865 te
1115 790 1187 889 ple·

265 914 381 981 „num
398 942 410 975 ,
431 890 468 966 cle
486 892 618 965 idcirco
635 888 703 965 esse
726 893 912 967 vitandum
932 943 944 979 ,
967 914 1012 964 ne
1025 886 1102 986 jam
1128 889 1142 965 i
1166 884 1187 991 Ε

257 990 444 1109 „morbidi
463 988 577 1064 effesti
600 1014 671 1065 una
688 990 761 1065 ‘hac
785 1002 848 1068 tua
868 1011 1056 1088 pereamus
1081 911 1187 1085 pesse.

262 1087 392 1179 „Dicis
413 1109 473 1163 me
495 1102 745 1164 contumacem
766 1140 779 1176 ,
802 1091 885 1185 quia
901 1099 937 1163 te
960 1088 1042 1162 dico
1062 1110 1187 1185 operar

262 1186 382 1278 „rium
408 1186 568 1262 dolosum
593 1186 979 1282 pseudochristianum:
1010 1210 1084 1260 non
1109 1185 1187 1273 suut

199 1318 203 1335 ι
262 1289 442 1380 „primum
471 1286 551 1360 haec
579 1309 641 1381 per
665 1309 722 1360 me
749 1287 935 1361 adversum
960 1300 995 1360 te
1016 1283 1187 1381 prolata,

261 1385 393 1474 „audis
415 1386 509 1459 enim
535 1386 678 1459 beatum
698 1385 906 1481 Apostolum
929 1385 1135 1479 operarium
1151 1398 1187 1461 ta

74 1460 79 1467 ἱ
190 1570 194 1575 ,
261 1482 479 1576 „designasse
495 1482 864 1582 pseudo-Apostolum
885 1510 914 1560 1,
929 1482 1005 1558 Cor,
1020 1508 1078 1559 11.
1096 1508 1131 1559 v,
1148 1512 1187 1581 3.

259 1580 1187 1777 :nummterracmamla

257 1777 504 1871 „Christianos
533 1782 753 1876 impietatem
781 1804 790 1855 :
823 1779 1060 1870 transfigures
1082 1791 1124 1857 te
1147 1780 1186 1859 ΕΙ

259 1876 468 1972 „Angelum
493 1880 585 1954 lucis
608 1878 643 1953 lle
664 1877 872 1974 Apostolum
882 1879 1036 1966 Christi,
1060 1876 1099 1957 &
1118 1870 1187 1975 sul,-

259 1977 407 2070 „licitus
424 2002 463 2051 es
484 2030 496 2064 ,
520 1978 645 2072 nequis
669 1978 801 2071 alicubi
831 1977 1043 2073 Catholicus
1066 1976 1182 2076 praescr

143 2137 148 2145 .
257 2074 455 2168 „Ecclesiae
473 2075 683 2172 episcopus:
706 2076 803 2150 tollis
821 2078 1001 2174 episcopos
1015 2074 1178 2153 Catholi-

256 2198 378 2267 „cos‚
406 2175 551 2249 ordinas
582 2175 800 2263 haereticos,
833 2175 952 2252 scribis
981 2174 1182 2257 horrendas

256 2274 579 2367 „comminationes
596 2326 607 2359 ,
631 2298 676 2347 ne
691 2273 784 2349 forte
805 2277 941 2350 otiatur
963 2273 1118 2351 seditio:
1142 2266 1186 2357 δι’

254 2372 532 2468 „quamvisjam
547 2374 768 2469 probaverim
786 2373 982 2449 immundis
998 2372 1187 2483 spiritibuq

254 2470 529 2567 „instigantibus
552 2471 791 2546 cordavestra
816 2496 881 2546 vos
905 2473 1028 2548 venire
1051 2488 1187 2575 cotatrae

46 2636 54 2653 ‚
147 2638 150 2643 ,
253 2570 348 2663 „Dei
371 2570 574 2656 familiam,
607 2572 725 2645 adhuc
751 2572 788 2647 in
813 2570 961 2647 Altibus
986 2569 1187 2679 apostolo,

252 2691 357 2762 „rum
376 2669 562 2761 lege-quid
593 2668 762 2743 acciderit
784 2670 861 2748 Aa.
891 2676 947 2746 10.
976 2695 1007 2746 v.
1035 2680 1187 2773 1b·34.·,

204 2792 207 2797 ·
251 2769 381 2861 „Sicut
412 2769 509 2855 enim
546 2767 607 2842 ille
639 2767 793 2865 Spiritus
826 2769 998 2867 pythonis
1022 2771 1187 2867 audien}d

248 2890 409 2961 „nomen
424 2867 567 2942 Domini
585 2866 664 2966 Jesu
679 2866 805 2942 Christi
822 2892 908 2943 mox
925 2864 1109 2965 effugatus
1125 2868 1187 2973 εΕΙ

249 2967 446 3059 „dedomo
463 2966 521 3041 sua
537 3019 547 3050 ,
564 2966 599 3041 u
618 2967 811 3041 concitavit
828 2966 998 3064 populum
1015 2968 1187 3067 civitatis,

249 3064 442 3157 „aduersus
460 3063 556 3140 unici
572 3064 652 3140 Filii
668 3065 736 3140 Dei
758 3068 1037 3161 praedicatores,
1062 3067 1117 3143 ita
1129 3066 1187 3155 Εῑ,

247 3174 312 3266 „te
328 3188 409 3237 cum
427 3166 500 3239 tuis
518 3179 643 3237 contra
665 3189 730 3239 nos
746 3166 822 3260 ejus
836 3164 953 3238 servos
970 3164 1024 3257 illi
1039 3154 1177 3264 impuri

61 3252 69 3267 ’
97 3326 100 3333 .
246 3262 414 3357 „spiritus
443 3263 736 3336 concitaverunt:
759 3289 825 3336 nec
849 3265 1019 3351 dubites,
1047 3278 1085 3339 te
1109 3267 1173 3359 iiaq

246 3362 354 3454 „dem
371 3364 430 3454 agi
448 3359 644 3455 spiritibus,
662 3362 789 3456 quibos
807 3361 939 3436 fuerint
959 3361 1027 3438 asli
1042 3377 1170 3447 contra

133 3512 137 3522 .
245 3459 426 3552 „Paulum
448 3459 484 3533 ὅ(
512 3459 624 3533 Silam
648 3461 858 3555 surgentes,
889 3463 1033 3556 quando
1059 3475 1097 3537 te
1121 3462 1187 3553 fic,

244 3559 454 3652 „religionis
480 3558 548 3631 Dei
572 3558 703 3632 sanun
732 3560 854 3633 videas
874 3558 1136 3655 persecutorem
1154 3568 1187 3653 ,ἶ

243 3657 419 3752 „utillud
440 3657 572 3778 uulgus
593 3656 700 3734 fuecit
718 3710 734 3753 ,
754 3662 849 3805 quod
873 3658 1027 3737 necdum
1038 3662 1168 3853 :Elegea
