2400 4380
161 210 207 295 ate
224 160 438 299 Schismcte
456 166 662 326 Donarijsk'
730 263 733 273 ·
785 216 868 330 123

76 388 295 469 &celestius
311 391 356 466 de
372 391 429 489 spe
442 392 501 469 sua
514 392 636 491 dejelii
656 395 741 472 sunt.
765 395 865 477 'lunc

66 494 191 567 isauri
208 490 398 585 &argenti
416 490 547 569 sedenti
559 494 864 595 Caeciliaunficut

66 602 181 687 patum
201 613 224 665 a
239 590 415 665 Mensurio
430 591 548 667 luerat
566 645 577 678 ‚
595 594 746 669 traditur
761 596 861 683 adhi-

66 688 233 773 rteliibua.
283 690 533 789 Convocantur
555 689 657 788 supra
673 694 863 771 memorati

66 808 156 873 ores,
186 788 247 883 qui
266 787 428 862 faucibus
451 788 610 865 avaritiae
633 793 860 869 commenda·

66 946 68 961 .
84 886 254 963 ebiberant
269 887 446 983 praedam,
467 886 504 963 da
522 911 602 963 curn
628 890 774 964 reddere
798 914 859 967 co·

66 994 144 1061 ntur
168 982 407 1061 subduxerunt
435 988 677 1079 communioni
706 989 858 1083 pedem,

71 1090 129 1159 nou
142 1078 178 1160 dc
191 1082 330 1158 Lucilla
345 1080 511 1182 quaejam
527 1086 661 1161 dudum
677 1086 768 1160 ferre
784 1111 860 1163 non

66 1183 101 1259 nit
123 1180 362 1281 disciplinam,
394 1204 476 1258 cum
505 1184 669 1259 omnibus
704 1182 773 1260 suis
794 1206 858 1283 po·

66 1278 264 1357 adsaliiosa
287 1281 433 1357 foemina
456 1282 697 1358 communioni
722 1282 858 1360 misceri

66 1378 111 1457 uit.
161 1379 221 1456 Sic
247 1380 359 1454 tribus
386 1381 683 1479 convenientibus*
700 1382 857 1478 personia

66 1482 117 1557 tur
134 1476 206 1571 cst,
230 1490 271 1557 ut
291 1477 497 1575 malignitas
512 1478 660 1573 haberet
679 1480 854 1558 essedum.

66 1654 516 1872 aliaeeliae*
533 1674 702 1852 arra
718 1688 1028 1856 aar

66 1870 302 1969 etpifitanum
318 1873 455 1950 millum
473 1875 520 1951 cll
531 1929 541 1965 ‚
553 1890 593 1951 ut
602 1877 854 1973 Carthaginem
863 1866 988 1943 dimac.

66 1972 161 2048 nur.
222 1970 492 2049 proficiscuntur
519 1996 644 2073 omnes
671 1972 877 2071 supradicti,

66 2068 169 2146 dtcrca
218 2070 317 2146 Tunc
339 2094 424 2168 ergo
444 2096 466 2147 a
496 2073 717 2149 Caeciliano:
743 2072 871 2160 frest,'

66 2168 138 2265 usin
169 2190 228 2245 roe
251 2171 446 2269 probetur,
480 2187 586 2245 exeat
609 2170 790 2248 aecusator
815 2172 854 2252 dt

66 2266 108 2343 dcl
118 2290 128 2360 ;
148 2265 205 2353 sed
224 2292 254 2342 a.
266 2281 322 2344 tot
342 2268 497 2345 inimicis
516 2270 585 2345 suis
602 2270 690 2344 nihil
711 2271 748 2345 in
771 2294 854 2349 eum

66 2362 101 2441 ost
111 2364 257 2463 confingi
274 2420 285 2455 ‚
311 2366 368 2443 sed
384 2368 429 2442 de
445 2368 646 2444 ordinatore
663 2370 723 2444 suo
733 2425 744 2457 ,
756 2373 853 2468 quod

66 2464 188 2541 iirsalso
214 2468 364 2542 traditor
390 2468 589 2555 diceretur,
615 2470 745 2544 meruit
760 2468 852 2545 insa·
950 2463 955 2474 ’

66 2564 83 2643 i
121 2565 250 2640 lterum
269 2588 353 2661 ergo
379 2590 400 2641 a
422 2567 613 2642 Caeciliano
640 2569 849 2645 mandatum

79 2673 112 2737 ut
133 2662 158 2737 fi
181 2662 283 2739 Felix
307 2666 345 2739 in
367 2662 400 2737 se
423 2664 512 2738 nihil
531 2665 730 2741 contulisset
748 2720 757 2751 .
788 2666 851 2766 ipsi

66 2782 150 2857 poam
172 2762 290 2838 adhuc
309 2763 497 2837 diaconum
519 2763 722 2838 ordinarent
738 2766 851 2840 caeci·

66 2882 114 2935 uo.
162 2858 263 2936 Tunc
285 2862 475 2958 Purpurius
496 2860 596 2937 solita
619 2861 755 2937 malitia
778 2860 850 2937 fre-

66 2960 141 3034 ait:
199 2973 304 3035 exeat
336 2960 406 3034 huc
439 2959 534 3056 quasi
564 2961 767 3057 imponatur
794 2960 850 3039 illi
986 3016 988 3022 -

66 3080 95 3133 rs
108 3056 146 3143 in
167 3057 395 3155 episcopatu,
421 3056 458 3133 te
475 3057 649 3153 quassetur
671 3056 723 3154 illi
743 3066 849 3158 caput
875 3144 879 3152 ,

66 3156 261 3232 uenitentia.
319 3157 388 3231 His
419 3156 524 3231 rebus
550 3154 748 3255 *compertis
771 3172 849 3237 tora

66 3255 119 3330 alia
141 3256 373 3351 Caecilianum
393 3255 565 3344 retinuit,
589 3279 635 3331 ne
653 3256 686 3331 se
702 3256 848 3332 latroni·

66 3354 252 3431 radidiffet.
278 3356 339 3429 Sic
353 3356 488 3429 exitum
510 3353 557 3428 est
572 3353 719 3430 foras&
736 3356 848 3431 altare

66 3450 217 3528 aaltare
233 3452 384 3529 erestum
400 3452 468 3543 est,
485 3452 724 3551 &Majorinus
740 3454 847 3529 letior

67 3552 195 3627 aconio
211 3552 422 3641 Caeciliani,
453 3551 663 3627 domesticus
698 3553 847 3639 Lucillae

66 3648 262 3748 uffragante
274 3652 466 3751 Episcopus
479 3653 661 3757 ordinatus
676 3650 724 3729 est
739 3664 846 3826 adtra-

726 3801 752 3843 ‚,
777 3751 844 3825 ito·
