2400 4380
101 220 105 232 '
180 209 258 301 *in
277 202 452 296 mortuis
471 205 515 292 in
533 202 693 326 Chresto
769 218 772 223 ’
839 229 925 323 707
976 237 978 242 ’

64 389 164 482 roro,
181 392 269 492 quid
286 366 378 471 mihi
392 403 576 479 occurret,
601 389 640 468 &
656 390 925 568 missuum

64 494 217 583 fernum,
234 496 331 568 unde
347 517 455 569 nemo
476 491 679 577 revertitur.
739 491 835 569 clete
849 488 923 569 fru-

64 617 90 665 ιε
108 594 199 676 mei,
225 593 315 668 mihi
331 593 428 669 enim
454 617 527 667 non
547 593 704 688 amplius
727 591 921 687 interest.
1004 596 1007 613 “
1145 574 1150 582 ’

64 693 148 766 rlete
184 691 437 786 consanguinei
465 689 567 780 ruci„
596 691 717 769 adhuc
737 692 943 769 modicum-
1028 758 1032 774 ι

73 811 131 865 me
147 791 342 888 sequemini
362 844 373 875 ‚
399 813 472 864 non
488 789 644 886 emplius
659 791 706 865 ad
718 814 785 866 vos
801 792 923 868 venie·

64 912 127 980 rs,
160 916 232 964 non
257 890 414 987 amplius
440 889 479 964 in
503 889 573 965 hac
604 889 678 966 vita
702 890 923 967 intuebimur

65 1013 95 1065 s,
143 989 249 1066 Nunc
272 989 386 1086 siquid
416 987 503 1063 boui
528 986 614 1083 egi,
639 988 849 1086 hocipsum
885 987 928 1066 dc

63 1088 105 1162 iri
123 1088 283 1164 lucrifeci
299 1142 308 1172 ‚
334 1085 372 1163 dc
387 1085 500 1185 siquid
514 1087 606 1163 mihi
625 1087 778 1184 praemisi
796 1141 807 1175 ‚
833 1087 927 1166 iilud

63 1185 130 1263 'um
159 1189 268 1262 etiam
292 1186 342 1264 ibi
366 1196 531 1262 occurret
554 1186 647 1263 mihi
664 1186 813 1283 ,nquid
837 1198 927 1273 vero
1015 1200 1017 1205 ’
1122 1162 1144 1195 ¹¹

63 1310 77 1361 c
94 1285 351 1368 thesaurizavi.
368 1285 456 1382 quid
477 1285 637 1383 proderit
654 1287 749 1363 mihi
767 1284 788 1362 2
811 1285 839 1363 fi
860 1309 926 1362 au·

63 1411 91 1461 n
114 1381 268 1484 aiicujus
284 1384 450 1462 misertus
476 1384 551 1464 snm
574 1437 584 1470 ‚
619 1386 731 1463 etiam
748 1385 818 1462 hac
836 1383 928 1464 hora

63 1483 296 1562 ‚sericordiam
310 1484 533 1582 consequar,
558 1483 696 1580 fiquem
710 1473 925 1582 prunereto,
1003 1494 1006 1499 '

65 1609 127 1661 am
148 1608 244 1660 nunc
261 1596 449 1681 protegar:
474 1581 621 1680 ungusta
636 1582 729 1660 mihi
746 1583 786 1661 dr
804 1585 927 1682 gravis

82 1685 236 1782 praesens
258 1685 350 1759 hora
369 1685 491 1761 exitus
509 1683 643 1760 animae
661 1704 783 1772 mere,
809 1686 926 1793 impsq-

62 1807 117 1859 :us
146 1784 264 1872 sum,
307 1795 580 1881 praeoccupatus
607 1782 715 1871 sum,
749 1783 926 1880 quoniam

62 1884 159 1960 ¹ilum
174 1883 310 1960 bonum
325 1883 415 1960 mihi
432 1882 482 1958 esi
497 1882 690 1971 viaticum,
707 1882 928 1967 miseremini
1076 1922 1079 1935 =
1129 1828 1144 1851 x

62 1983 108 2066 ei,
132 1981 421 2080 &deprecemini
439 1978 590 2079 prome!
608 1980 777 2080 quorsum
799 1976 950 2065 cereori-
1034 2024 1037 2034 ·
1153 2002 1157 2015 ¹

62 2081 356 2169 manumortis,
389 2106 464 2157 uon
493 2081 590 2157 enirn
617 2104 685 2177 ego
718 2081 924 2180 lampadem

61 2183 147 2257 imae
167 2203 260 2257 meae
279 2177 463 2256 accendi?
485 2201 549 2256 cur
561 2203 622 2256 me
637 2178 792 2256 vestibus
809 2179 925 2278 splen·
1042 2208 1047 2221 ¹

62 2279 305 2358 imiamins?
327 2304 400 2354 non
416 2281 516 2356 eninr
532 2280 570 2355 in
586 2279 720 2376 meipso
739 2278 924 2377 splendida

62 2381 228 2456 iumenta
258 2378 413 2454 habeo:
451 2376 619 2477 quorsum
660 2399 757 2474 aqua
793 2398 924 2476 corpur
993 2399 994 2404 ‘

61 2502 138 2556 eum
154 2477 393 2576 depurgatis‘i
419 2503 492 2552 non
510 2478 608 2553 enim
624 2477 798 2573 meipsum
814 2498 923 2576 aqum

61 2601 79 2655 r
102 2577 309 2675 lachrymas
326 2576 499 2654 admiscui
518 2599 526 2649 :
550 2574 726 2664 Quorsum
743 2577 782 2654 iu
801 2589 924 2653 tumu-
1074 2612 1077 2617 ·

72 2700 137 2753 -me
155 2701 239 2754 cum
255 2676 383 2752 sannis
399 2673 613 2771 deponitis?
634 2697 790 2774 quorum
811 2677 925 2755 vitum
957 2719 960 2725 ·
991 2697 1001 2717 ³

68 2798 190 2869 mores
207 2801 280 2852 non
296 2774 445 2874 peregi?
459 2775 653 2862 Quomodo
669 2775 842 2873 meipsum
860 2777 925 2850 de·

61 2879 96 2974 pi
114 2928 124 2962 ,
149 2876 274 2951 dicens
294 2899 302 2950 :
328 2875 477 2975 juvenis
494 2874 570 2955 sum
590 2925 600 2960 .
625 2872 746 2951 adhuc
761 2873 924 2972 perfruar
944 2882 947 2887 ’

61 2978 127 3052 bus
154 2975 307 3061 saeculi,
344 2974 493 3050 taudem
527 2972 723 3070 aliquando
748 2975 925 3072 poeniten·

61 3098 108 3151 rm
124 3098 231 3170 agam
249 3128 260 3163 ,
284 3073 462 3171 benignus
481 3073 580 3148 enim
596 3072 645 3148 est
662 3072 781 3159 Deus,
798 3071 837 3149 dr
861 3095 925 3148 ve-

60 3198 114 3251 rm
130 3174 221 3250 mihi
232 3173 419 3250 concedet.
470 3170 565 3248 Haec
579 3160 924 3270 qnotidiecoginn'e
1050 3166 1054 3181 ’

60 3287 131 3349 tam
147 3297 266 3351 meam
281 3273 378 3349 male
404 3270 627 3367 consu'nr'pfi:
652 3271 831 3348 edocebar
847 3323 859 3357 ‚
883 3269 923 3349 dr

60 3399 92 3447 »n
107 3373 341 3449 attendebam
350 3394 361 3465 ς
382 3371 625 3455 admonebar.
641 3368 680 3447 &
694 3369 925 3450 deridebam:

60 3472 212 3547 rdiebam
235 3473 282 3547 de
299 3469 464 3568 judicio.
491 3467 530 3545 dr
546 3468 837 3562 subsannabam
860 3493 927 3546 au·
979 3512 988 3517 -
1082 3502 1095 3537 a
1141 3444 1144 3453 ¹

60 3573 163 3649 ehem
183 3573 229 3657 de
252 3585 371 3648 morte
382 3623 401 3659 .,
432 3565 473 3642 dc
498 3569 600 3646 velut
627 3567 845 3645 immortalis
872 3570 928 3660 vif
1076 3634 1079 3639 .
1140 3594 1146 3608 “

60 3696 95 3749 nr
115 3672 382 3765 traducerem,
405 3666 445 3746 dr
467 3690 553 3744 ecce
579 3668 813 3770 impoenitens
831 3668 929 3755 anti,

69 3804 72 3817 ·
288 3861 292 3876 ,
426 3763 544 3866 ina
781 3764 958 3867 orire.
1072 3789 1075 3793 ·
