<?xml version="1.0" encoding="UTF-8"?>
<!DOCTYPE html PUBLIC "-//W3C//DTD XHTML 1.0 Transitional//EN"
    "http://www.w3.org/TR/xhtml1/DTD/xhtml1-transitional.dtd">
<html xmlns="http://www.w3.org/1999/xhtml" xml:lang="en" lang="en">
 <head>
  <title>
</title>
<meta http-equiv="Content-Type" content="text/html;charset=utf-8" />
  <meta name='ocr-system' content='tesseract 3.04.00' />
  <meta name='ocr-capabilities' content='ocr_page ocr_carea ocr_par ocr_line ocrx_word'/>
</head>
<body>
  <div class='ocr_page' id='page_1' title='image "./analysisoperums07schrgoog/analysisoperums07schrgoog_0354.png"; bbox 0 0 2400 4380; ppageno 0'>
   <div class='ocr_carea' id='block_1_1' title="bbox 284 190 977 353">
    <p class='ocr_par' dir='ltr' id='par_1_1' title="bbox 96 172 977 353">
     <span class='ocr_line' id='line_1_1' title="bbox 284 190 977 353; baseline 0 -40"><span class='ocrx_word' id='word_1_1' title='bbox 284 221 499 312; x_wconf 69' lang='lat' dir='ltr'><strong>Sermones.</strong></span> <span class='ocrx_word' id='word_1_2' title='bbox 776 190 861 335; x_wconf 64' lang='lat' dir='ltr'><strong>gos</strong></span> <span class='ocrx_word' id='word_1_3' title='bbox 972 344 977 353; x_wconf 26' lang='grc' dir='ltr'><strong><em>Ι</em></strong></span> 
     </span>
    </p>
   </div>
   <div class='ocr_carea' id='block_1_2' title="bbox 67 402 861 902">
    <p class='ocr_par' dir='ltr' id='par_1_2' title="bbox 67 402 861 902">
     <span class='ocr_line' id='line_1_2' title="bbox 68 402 861 498; baseline 0 -14"><span class='ocrx_word' id='word_1_4' title='bbox 68 402 258 484; x_wconf 82' lang='lat' dir='ltr'><strong>rbtiliffima</strong></span> <span class='ocrx_word' id='word_1_5' title='bbox 276 430 323 489; x_wconf 80' lang='lat' dir='ltr'><strong>er</strong></span> <span class='ocrx_word' id='word_1_6' title='bbox 345 431 391 484; x_wconf 90' lang='lat' dir='ltr'><strong>eo</strong></span> <span class='ocrx_word' id='word_1_7' title='bbox 410 407 498 485; x_wconf 80' lang='lat' dir='ltr'><strong>fiant</strong></span> <span class='ocrx_word' id='word_1_8' title='bbox 517 459 529 498; x_wconf 95' lang='lat'><strong>,</strong></span> <span class='ocrx_word' id='word_1_9' title='bbox 552 403 618 480; x_wconf 88' lang='lat' dir='ltr'><strong>nisr</strong></span> <span class='ocrx_word' id='word_1_10' title='bbox 637 404 773 483; x_wconf 72' lang='lat' dir='ltr'><strong>diutius</strong></span> <span class='ocrx_word' id='word_1_11' title='bbox 785 406 861 484; x_wconf 78' lang='lat' dir='ltr'><strong>ela·</strong></span> 
     </span>
     <span class='ocr_line' id='line_1_3' title="bbox 69 504 860 604; baseline -0.004 -20"><span class='ocrx_word' id='word_1_12' title='bbox 69 529 110 584; x_wconf 88' lang='lat' dir='ltr'><strong>ur</strong></span> <span class='ocrx_word' id='word_1_13' title='bbox 126 505 163 582; x_wconf 76' lang='grc' dir='ltr'>ἀ</span> <span class='ocrx_word' id='word_1_14' title='bbox 190 517 426 604; x_wconf 84' lang='lat' dir='ltr'><strong>torqueatur,</strong></span> <span class='ocrx_word' id='word_1_15' title='bbox 450 507 497 583; x_wconf 86' lang='lat' dir='ltr'><strong>src</strong></span> <span class='ocrx_word' id='word_1_16' title='bbox 515 505 635 580; x_wconf 83' lang='lat' dir='ltr'><strong>anima</strong></span> <span class='ocrx_word' id='word_1_17' title='bbox 654 504 788 581; x_wconf 74' lang='lat' dir='ltr'><strong>multos</strong></span> <span class='ocrx_word' id='word_1_18' title='bbox 804 506 860 581; x_wconf 85' lang='lat' dir='ltr'><strong>af·</strong></span> 
     </span>
     <span class='ocr_line' id='line_1_4' title="bbox 68 604 859 703; baseline 0 -23"><span class='ocrx_word' id='word_1_19' title='bbox 68 628 136 681; x_wconf 84' lang='lat' dir='ltr'><strong>nes</strong></span> <span class='ocrx_word' id='word_1_20' title='bbox 150 605 290 682; x_wconf 85' lang='lat' dir='ltr'><strong>fortiter</strong></span> <span class='ocrx_word' id='word_1_21' title='bbox 305 605 464 683; x_wconf 78' lang='lat' dir='ltr'><strong>tolerans</strong></span> <span class='ocrx_word' id='word_1_22' title='bbox 479 604 600 703; x_wconf 88' lang='lat' dir='ltr'><strong>purior</strong></span> <span class='ocrx_word' id='word_1_23' title='bbox 624 604 669 678; x_wconf 90' lang='lat' dir='ltr'><strong>ad</strong></span> <span class='ocrx_word' id='word_1_24' title='bbox 687 604 859 701; x_wconf 88' lang='lat' dir='ltr'><strong>poffiden·</strong></span> 
     </span>
     <span class='ocr_line' id='line_1_5' title="bbox 79 702 858 800; baseline 0.001 -21"><span class='ocrx_word' id='word_1_25' title='bbox 79 727 229 800; x_wconf 89' lang='lat' dir='ltr'><strong>regnum</strong></span> <span class='ocrx_word' id='word_1_26' title='bbox 245 784 250 797; x_wconf 62' lang='grc'><strong><em>,</em></strong></span> <span class='ocrx_word' id='word_1_27' title='bbox 266 703 334 780; x_wconf 91' lang='lat' dir='ltr'><strong>Dei</strong></span> <span class='ocrx_word' id='word_1_28' title='bbox 363 705 558 790; x_wconf 85' lang='lat' dir='ltr'>redditur,</span> <span class='ocrx_word' id='word_1_29' title='bbox 591 702 748 778; x_wconf 77' lang='lat' dir='ltr'><strong>maxime</strong></span> <span class='ocrx_word' id='word_1_30' title='bbox 773 725 858 781; x_wconf 88' lang='lat' dir='ltr'><strong>cum</strong></span> 
     </span>
     <span class='ocr_line' id='line_1_6' title="bbox 67 800 854 902; baseline 0.003 -25"><span class='ocrx_word' id='word_1_31' title='bbox 67 826 82 877; x_wconf 89' lang='lat' dir='ltr'><strong>c</strong></span> <span class='ocrx_word' id='word_1_32' title='bbox 112 801 208 902; x_wconf 80' lang='lat' dir='ltr'><strong>quast</strong></span> <span class='ocrx_word' id='word_1_33' title='bbox 232 803 350 879; x_wconf 80' lang='lat' dir='ltr'><strong>infans</strong></span> <span class='ocrx_word' id='word_1_34' title='bbox 386 802 429 878; x_wconf 88' lang='lat' dir='ltr'><strong>fit</strong></span> <span class='ocrx_word' id='word_1_35' title='bbox 459 803 548 880; x_wconf 78' lang='lat' dir='ltr'><strong>latio</strong></span> <span class='ocrx_word' id='word_1_36' title='bbox 572 800 684 877; x_wconf 87' lang='lat' dir='ltr'><strong>solum</strong></span> <span class='ocrx_word' id='word_1_37' title='bbox 708 802 854 885; x_wconf 78' lang='lat' dir='ltr'><strong>nutrita.</strong></span> 
     </span>
    </p>
   </div>
   <div class='ocr_carea' id='block_1_3' title="bbox 67 886 1082 988">
    <p class='ocr_par' dir='ltr' id='par_1_3' title="bbox 67 886 1082 988">
     <span class='ocr_line' id='line_1_7' title="bbox 67 886 1082 988; baseline 0.002 -12"><span class='ocrx_word' id='word_1_38' title='bbox 67 925 88 976; x_wconf 84' lang='lat' dir='ltr'><strong>e</strong></span> <span class='ocrx_word' id='word_1_39' title='bbox 116 901 365 978; x_wconf 76' lang='lat' dir='ltr'><strong>tribulationes</strong></span> <span class='ocrx_word' id='word_1_40' title='bbox 389 903 527 978; x_wconf 89' lang='lat' dir='ltr'><strong>homini</strong></span> <span class='ocrx_word' id='word_1_41' title='bbox 552 902 785 988; x_wconf 89' lang='lat' dir='ltr'><strong>conducunt,</strong></span> <span class='ocrx_word' id='word_1_42' title='bbox 815 901 855 977; x_wconf 86' lang='lat'>&amp;</span> <span class='ocrx_word' id='word_1_43' title='bbox 939 930 942 935; x_wconf 89' lang='lat'>·</span> <span class='ocrx_word' id='word_1_44' title='bbox 1039 973 1044 981; x_wconf 83' lang='lat'><em>.</em></span> <span class='ocrx_word' id='word_1_45' title='bbox 1076 886 1082 903; x_wconf 79' lang='grc'><em>’</em></span> 
     </span>
    </p>
   </div>
   <div class='ocr_carea' id='block_1_4' title="bbox 67 998 854 1296">
    <p class='ocr_par' dir='ltr' id='par_1_4' title="bbox 67 998 854 1296">
     <span class='ocr_line' id='line_1_8' title="bbox 67 998 854 1098; baseline -0.004 -22"><span class='ocrx_word' id='word_1_46' title='bbox 67 1024 121 1091; x_wconf 69' lang='lat' dir='ltr'><strong>grm</strong></span> <span class='ocrx_word' id='word_1_47' title='bbox 148 1001 335 1098; x_wconf 83' lang='lat' dir='ltr'><strong>probatam</strong></span> <span class='ocrx_word' id='word_1_48' title='bbox 367 1000 525 1078; x_wconf 87' lang='lat' dir='ltr'><strong>efficiunt</strong></span> <span class='ocrx_word' id='word_1_49' title='bbox 549 1022 561 1092; x_wconf 91' lang='lat'>;</span> <span class='ocrx_word' id='word_1_50' title='bbox 606 998 705 1076; x_wconf 87' lang='lat' dir='ltr'><strong>ficuti</strong></span> <span class='ocrx_word' id='word_1_51' title='bbox 734 998 854 1074; x_wconf 78' lang='lat' dir='ltr'><strong>santii</strong></span> 
     </span>
     <span class='ocr_line' id='line_1_9' title="bbox 67 1097 854 1198; baseline -0.001 -24"><span class='ocrx_word' id='word_1_52' title='bbox 67 1121 142 1195; x_wconf 67' lang='lat' dir='ltr'><strong>orer</strong></span> <span class='ocrx_word' id='word_1_53' title='bbox 160 1100 349 1175; x_wconf 90' lang='lat' dir='ltr'><strong>tormentis</strong></span> <span class='ocrx_word' id='word_1_54' title='bbox 372 1100 511 1198; x_wconf 83' lang='lat' dir='ltr'><strong>probati</strong></span> <span class='ocrx_word' id='word_1_55' title='bbox 536 1120 686 1174; x_wconf 78' lang='lat' dir='ltr'><strong>coronas</strong></span> <span class='ocrx_word' id='word_1_56' title='bbox 710 1097 854 1196; x_wconf 81' lang='lat' dir='ltr'><strong>justitiae</strong></span> 
     </span>
     <span class='ocr_line' id='line_1_10' title="bbox 67 1199 854 1296; baseline 0.004 -24"><span class='ocrx_word' id='word_1_57' title='bbox 67 1221 124 1272; x_wconf 86' lang='lat' dir='ltr'><strong>ere</strong></span> <span class='ocrx_word' id='word_1_58' title='bbox 157 1212 440 1296; x_wconf 87' lang='lat' dir='ltr'><strong>promeruerunt.</strong></span> <span class='ocrx_word' id='word_1_59' title='bbox 498 1201 588 1287; x_wconf 84' lang='lat' dir='ltr'><strong>Quae</strong></span> <span class='ocrx_word' id='word_1_60' title='bbox 615 1220 701 1274; x_wconf 89' lang='lat' dir='ltr'><strong>vero</strong></span> <span class='ocrx_word' id='word_1_61' title='bbox 721 1199 854 1275; x_wconf 82' lang='lat' dir='ltr'><strong>animae</strong></span> 
     </span>
    </p>
   </div>
   <div class='ocr_carea' id='block_1_5' title="bbox 67 1295 969 1394">
    <p class='ocr_par' dir='ltr' id='par_1_5' title="bbox 67 1295 969 1394">
     <span class='ocr_line' id='line_1_11' title="bbox 67 1295 969 1394; baseline -0.002 -23"><span class='ocrx_word' id='word_1_62' title='bbox 67 1298 167 1373; x_wconf 86' lang='lat' dir='ltr'><strong>iones</strong></span> <span class='ocrx_word' id='word_1_63' title='bbox 186 1297 459 1394; x_wconf 86' lang='lat' dir='ltr'><strong>subterfugerint</strong></span> <span class='ocrx_word' id='word_1_64' title='bbox 475 1320 558 1385; x_wconf 82' lang='lat' dir='ltr'><strong>,ac</strong></span> <span class='ocrx_word' id='word_1_65' title='bbox 582 1295 615 1370; x_wconf 89' lang='lat' dir='ltr'><strong>se</strong></span> <span class='ocrx_word' id='word_1_66' title='bbox 631 1298 668 1373; x_wconf 91' lang='lat' dir='ltr'><strong>in</strong></span> <span class='ocrx_word' id='word_1_67' title='bbox 692 1295 855 1391; x_wconf 86' lang='lat' dir='ltr'><strong>despera·</strong></span> <span class='ocrx_word' id='word_1_68' title='bbox 966 1378 969 1383; x_wconf 87' lang='lat'>.</span> 
     </span>
    </p>
   </div>
   <div class='ocr_carea' id='block_1_6' title="bbox 66 1393 857 2377">
    <p class='ocr_par' dir='ltr' id='par_1_6' title="bbox 66 1393 857 2377">
     <span class='ocr_line' id='line_1_12' title="bbox 67 1393 856 1492; baseline 0.003 -21"><span class='ocrx_word' id='word_1_69' title='bbox 67 1419 97 1471; x_wconf 90' lang='lat' dir='ltr'><strong>m</strong></span> <span class='ocrx_word' id='word_1_70' title='bbox 114 1393 348 1492; x_wconf 84' lang='lat' dir='ltr'><strong>conjecerint,</strong></span> <span class='ocrx_word' id='word_1_71' title='bbox 375 1398 484 1472; x_wconf 79' lang='lat' dir='ltr'><strong>vitam</strong></span> <span class='ocrx_word' id='word_1_72' title='bbox 496 1395 663 1492; x_wconf 87' lang='lat' dir='ltr'>consequi</span> <span class='ocrx_word' id='word_1_73' title='bbox 679 1408 856 1483; x_wconf 75' lang='lat' dir='ltr'><strong>aeternnm</strong></span> 
     </span>
     <span class='ocr_line' id='line_1_13' title="bbox 67 1494 854 1592; baseline -0.003 -23"><span class='ocrx_word' id='word_1_74' title='bbox 67 1508 241 1592; x_wconf 77' lang='lat' dir='ltr'><strong>poterunt.</strong></span> <span class='ocrx_word' id='word_1_75' title='bbox 289 1495 413 1571; x_wconf 82' lang='lat' dir='ltr'><strong>Talem</strong></span> <span class='ocrx_word' id='word_1_76' title='bbox 429 1497 558 1592; x_wconf 86' lang='lat' dir='ltr'>quippe</span> <span class='ocrx_word' id='word_1_77' title='bbox 572 1494 749 1570; x_wconf 86' lang='lat' dir='ltr'><strong>Dominus</strong></span> <span class='ocrx_word' id='word_1_78' title='bbox 768 1517 854 1568; x_wconf 88' lang='lat' dir='ltr'><strong>con·</strong></span> 
     </span>
     <span class='ocr_line' id='line_1_14' title="bbox 67 1589 855 1689; baseline 0.005 -22"><span class='ocrx_word' id='word_1_79' title='bbox 67 1616 72 1667; x_wconf 95' lang='lat'><strong>:</strong></span> <span class='ocrx_word' id='word_1_80' title='bbox 99 1595 196 1670; x_wconf 77' lang='lat' dir='ltr'><strong>vium</strong></span> <span class='ocrx_word' id='word_1_81' title='bbox 221 1594 403 1689; x_wconf 81' lang='lat' dir='ltr'><strong>angustam</strong></span> <span class='ocrx_word' id='word_1_82' title='bbox 426 1594 463 1670; x_wconf 86' lang='lat'>&amp;</span> <span class='ocrx_word' id='word_1_83' title='bbox 487 1593 619 1669; x_wconf 74' lang='lat' dir='ltr'><strong>artium</strong></span> <span class='ocrx_word' id='word_1_84' title='bbox 644 1645 655 1682; x_wconf 91' lang='lat'><strong>,</strong></span> <span class='ocrx_word' id='word_1_85' title='bbox 688 1592 725 1669; x_wconf 70' lang='grc' dir='ltr'><strong>δι</strong></span> <span class='ocrx_word' id='word_1_86' title='bbox 749 1589 855 1689; x_wconf 83' lang='lat' dir='ltr'><strong>pauci</strong></span> 
     </span>
     <span class='ocr_line' id='line_1_15' title="bbox 66 1690 854 1790; baseline -0.003 -24"><span class='ocrx_word' id='word_1_87' title='bbox 66 1690 208 1769; x_wconf 85' lang='lat' dir='ltr'><strong>iiuntur</strong></span> <span class='ocrx_word' id='word_1_88' title='bbox 238 1715 301 1788; x_wconf 90' lang='lat' dir='ltr'><strong>per</strong></span> <span class='ocrx_word' id='word_1_89' title='bbox 326 1716 407 1768; x_wconf 84' lang='lat' dir='ltr'><strong>earn</strong></span> <span class='ocrx_word' id='word_1_90' title='bbox 437 1692 560 1768; x_wconf 79' lang='lat' dir='ltr'><strong>Morti.</strong></span> <span class='ocrx_word' id='word_1_91' title='bbox 588 1716 624 1790; x_wconf 82' lang='lat'><strong>7.</strong></span> <span class='ocrx_word' id='word_1_92' title='bbox 674 1692 854 1778; x_wconf 72' lang='lat' dir='ltr'><strong>Quantas·</strong></span> 
     </span>
     <span class='ocr_line' id='line_1_16' title="bbox 66 1790 854 1889; baseline -0.006 -22"><span class='ocrx_word' id='word_1_93' title='bbox 66 1815 99 1867; x_wconf 87' lang='lat' dir='ltr'><strong>re</strong></span> <span class='ocrx_word' id='word_1_94' title='bbox 109 1794 203 1867; x_wconf 86' lang='lat' dir='ltr'><strong>enim</strong></span> <span class='ocrx_word' id='word_1_95' title='bbox 218 1812 398 1868; x_wconf 76' lang='lat' dir='ltr'><strong>aerumnas</strong></span> <span class='ocrx_word' id='word_1_96' title='bbox 414 1802 557 1889; x_wconf 91' lang='lat' dir='ltr'><strong>propter</strong></span> <span class='ocrx_word' id='word_1_97' title='bbox 566 1790 759 1865; x_wconf 91' lang='lat' dir='ltr'><strong>Dominum</strong></span> <span class='ocrx_word' id='word_1_98' title='bbox 775 1810 854 1887; x_wconf 88' lang='lat' dir='ltr'><strong>per·</strong></span> 
     </span>
     <span class='ocr_line' id='line_1_17' title="bbox 66 1887 854 1989; baseline 0 -24"><span class='ocrx_word' id='word_1_99' title='bbox 66 1914 117 1966; x_wconf 77' lang='lat' dir='ltr'><strong>rus</strong></span> <span class='ocrx_word' id='word_1_100' title='bbox 143 1943 155 1976; x_wconf 97' lang='lat'><strong>,</strong></span> <span class='ocrx_word' id='word_1_101' title='bbox 180 1890 267 1986; x_wconf 87' lang='lat' dir='ltr'><strong>quid</strong></span> <span class='ocrx_word' id='word_1_102' title='bbox 287 1891 507 1989; x_wconf 76' lang='lat' dir='ltr'><strong>aequivalens</strong></span> <span class='ocrx_word' id='word_1_103' title='bbox 528 1889 759 1975; x_wconf 85' lang='lat' dir='ltr'><strong>sustinemus,</strong></span> <span class='ocrx_word' id='word_1_104' title='bbox 782 1887 854 1965; x_wconf 82' lang='lat' dir='ltr'><strong>five</strong></span> 
     </span>
     <span class='ocr_line' id='line_1_18' title="bbox 66 1987 856 2086; baseline -0.005 -22"><span class='ocrx_word' id='word_1_105' title='bbox 66 2002 194 2065; x_wconf 69' lang='lat' dir='ltr'><strong>ituram</strong></span> <span class='ocrx_word' id='word_1_106' title='bbox 219 1989 322 2065; x_wconf 86' lang='lat' dir='ltr'><strong>nobis</strong></span> <span class='ocrx_word' id='word_1_107' title='bbox 348 1987 588 2086; x_wconf 83' lang='lat' dir='ltr'><strong>repromiffam</strong></span> <span class='ocrx_word' id='word_1_108' title='bbox 616 1990 728 2063; x_wconf 81' lang='lat' dir='ltr'><strong>vitam</strong></span> <span class='ocrx_word' id='word_1_109' title='bbox 748 2001 856 2062; x_wconf 79' lang='lat' dir='ltr'><strong>aeter·</strong></span> 
     </span>
     <span class='ocr_line' id='line_1_19' title="bbox 66 2085 857 2187; baseline -0.001 -25"><span class='ocrx_word' id='word_1_110' title='bbox 66 2087 316 2187; x_wconf 83' lang='lat' dir='ltr'><strong>respiciamus,</strong></span> <span class='ocrx_word' id='word_1_111' title='bbox 342 2087 412 2162; x_wconf 89' lang='lat' dir='ltr'><strong>srve</strong></span> <span class='ocrx_word' id='word_1_112' title='bbox 433 2091 478 2162; x_wconf 84' lang='lat' dir='ltr'><strong>nd</strong></span> <span class='ocrx_word' id='word_1_113' title='bbox 498 2088 673 2162; x_wconf 85' lang='lat' dir='ltr'><strong>internam</strong></span> <span class='ocrx_word' id='word_1_114' title='bbox 700 2085 857 2179; x_wconf 75' lang='lat' dir='ltr'><strong>Spiritus</strong></span> 
     </span>
     <span class='ocr_line' id='line_1_20' title="bbox 67 2185 856 2281; baseline -0.003 -20"><span class='ocrx_word' id='word_1_115' title='bbox 67 2189 79 2261; x_wconf 90' lang='lat' dir='ltr'><strong>i</strong></span> <span class='ocrx_word' id='word_1_116' title='bbox 108 2187 385 2264; x_wconf 83' lang='lat' dir='ltr'><strong>consolationem</strong></span> <span class='ocrx_word' id='word_1_117' title='bbox 410 2239 422 2272; x_wconf 97' lang='lat'><strong>,</strong></span> <span class='ocrx_word' id='word_1_118' title='bbox 464 2185 534 2260; x_wconf 85' lang='lat' dir='ltr'><strong>five</strong></span> <span class='ocrx_word' id='word_1_119' title='bbox 558 2186 605 2260; x_wconf 82' lang='lat' dir='ltr'><strong>ad</strong></span> <span class='ocrx_word' id='word_1_120' title='bbox 628 2198 856 2281; x_wconf 84' lang='lat' dir='ltr'><strong>peccatorum</strong></span> 
     </span>
     <span class='ocr_line' id='line_1_21' title="bbox 66 2285 857 2377; baseline -0.001 -17"><span class='ocrx_word' id='word_1_121' title='bbox 66 2309 158 2367; x_wconf 85' lang='lat' dir='ltr'><strong>&gt;rum</strong></span> <span class='ocrx_word' id='word_1_122' title='bbox 171 2285 414 2361; x_wconf 78' lang='lat' dir='ltr'><strong>remitironem.</strong></span> <span class='ocrx_word' id='word_1_123' title='bbox 440 2285 670 2361; x_wconf 79' lang='lat' dir='ltr'><strong>Praebeamus</strong></span> <span class='ocrx_word' id='word_1_124' title='bbox 689 2305 773 2377; x_wconf 85' lang='lat' dir='ltr'><strong>ergo</strong></span> <span class='ocrx_word' id='word_1_125' title='bbox 788 2302 857 2359; x_wconf 78' lang='lat' dir='ltr'><strong>nos</strong></span> 
     </span>
    </p>
   </div>
   <div class='ocr_carea' id='block_1_7' title="bbox 65 2382 1049 2669">
    <p class='ocr_par' dir='ltr' id='par_1_7' title="bbox 65 2382 1049 2669">
     <span class='ocr_line' id='line_1_22' title="bbox 66 2382 971 2480; baseline 0 -21"><span class='ocrx_word' id='word_1_126' title='bbox 66 2385 222 2463; x_wconf 79' lang='lat' dir='ltr'><strong>rmitires</strong></span> <span class='ocrx_word' id='word_1_127' title='bbox 236 2384 393 2459; x_wconf 76' lang='lat' dir='ltr'><strong>strenuos</strong></span> <span class='ocrx_word' id='word_1_128' title='bbox 406 2407 469 2480; x_wconf 90' lang='lat' dir='ltr'><strong>pro</strong></span> <span class='ocrx_word' id='word_1_129' title='bbox 486 2406 569 2479; x_wconf 87' lang='lat' dir='ltr'><strong>rege</strong></span> <span class='ocrx_word' id='word_1_130' title='bbox 585 2383 701 2461; x_wconf 87' lang='lat' dir='ltr'><strong>nostro</strong></span> <span class='ocrx_word' id='word_1_131' title='bbox 717 2382 857 2459; x_wconf 72' lang='lat' dir='ltr'><strong>strenuo</strong></span> <span class='ocrx_word' id='word_1_132' title='bbox 967 2392 971 2399; x_wconf 86' lang='lat'>&#39;</span> 
     </span>
     <span class='ocr_line' id='line_1_23' title="bbox 66 2481 1021 2581; baseline -0.005 -23"><span class='ocrx_word' id='word_1_133' title='bbox 66 2508 113 2561; x_wconf 72' lang='lat' dir='ltr'><strong>em</strong></span> <span class='ocrx_word' id='word_1_134' title='bbox 130 2497 357 2581; x_wconf 87' lang='lat' dir='ltr'><strong>oppetentes:</strong></span> <span class='ocrx_word' id='word_1_135' title='bbox 374 2482 673 2577; x_wconf 82' lang='lat' dir='ltr'><strong>srmustumquom</strong></span> <span class='ocrx_word' id='word_1_136' title='bbox 691 2481 855 2569; x_wconf 80' lang='lat' dir='ltr'><strong>incudes,</strong></span> <span class='ocrx_word' id='word_1_137' title='bbox 958 2556 970 2575; x_wconf 55' lang='grc'>,</span> <span class='ocrx_word' id='word_1_138' title='bbox 1016 2492 1021 2499; x_wconf 88' lang='grc'><strong><em>’</em></strong></span> 
     </span>
     <span class='ocr_line' id='line_1_24' title="bbox 65 2580 1049 2669; baseline -0.006 -8"><span class='ocrx_word' id='word_1_139' title='bbox 65 2585 187 2663; x_wconf 76' lang='lat' dir='ltr'><strong>omnis</strong></span> <span class='ocrx_word' id='word_1_140' title='bbox 203 2583 408 2665; x_wconf 78' lang='lat' dir='ltr'><strong>caedamur,</strong></span> <span class='ocrx_word' id='word_1_141' title='bbox 434 2597 555 2657; x_wconf 83' lang='lat' dir='ltr'><strong>tomen</strong></span> <span class='ocrx_word' id='word_1_142' title='bbox 572 2605 644 2657; x_wconf 87' lang='lat' dir='ltr'><strong>uon</strong></span> <span class='ocrx_word' id='word_1_143' title='bbox 661 2580 856 2655; x_wconf 78' lang='lat' dir='ltr'><strong>cedamus:</strong></span> <span class='ocrx_word' id='word_1_144' title='bbox 972 2662 975 2669; x_wconf 58' lang='grc'>,</span> <span class='ocrx_word' id='word_1_145' title='bbox 1045 2592 1049 2599; x_wconf 88' lang='grc'><strong>’</strong></span> 
     </span>
    </p>
   </div>
   <div class='ocr_carea' id='block_1_8' title="bbox 64 2680 947 3865">
    <p class='ocr_par' dir='ltr' id='par_1_8' title="bbox 64 2680 947 3865">
     <span class='ocr_line' id='line_1_25' title="bbox 65 2680 947 2776; baseline -0.005 -19"><span class='ocrx_word' id='word_1_146' title='bbox 65 2680 627 2758; x_wconf 79' lang='lat' dir='ltr'><strong>incamusinlutiaadversarium</strong></span> <span class='ocrx_word' id='word_1_147' title='bbox 642 2680 854 2776; x_wconf 84' lang='lat' dir='ltr'><strong>perputien·</strong></span> <span class='ocrx_word' id='word_1_148' title='bbox 942 2746 947 2753; x_wconf 90' lang='lat'><em>.</em></span> 
     </span>
     <span class='ocr_line' id='line_1_26' title="bbox 65 2776 855 2864; baseline -0.006 -2"><span class='ocrx_word' id='word_1_149' title='bbox 65 2835 71 2864; x_wconf 81' lang='lat'>.</span> <span class='ocrx_word' id='word_1_150' title='bbox 92 2794 134 2857; x_wconf 92' lang='lat' dir='ltr'><strong>ut</strong></span> <span class='ocrx_word' id='word_1_151' title='bbox 149 2779 236 2856; x_wconf 84' lang='lat' dir='ltr'><strong>ficut</strong></span> <span class='ocrx_word' id='word_1_152' title='bbox 252 2779 410 2855; x_wconf 82' lang='lat' dir='ltr'><strong>Christus</strong></span> <span class='ocrx_word' id='word_1_153' title='bbox 427 2780 464 2855; x_wconf 93' lang='lat' dir='ltr'><strong>in</strong></span> <span class='ocrx_word' id='word_1_154' title='bbox 476 2801 581 2853; x_wconf 86' lang='lat' dir='ltr'><strong>cruce</strong></span> <span class='ocrx_word' id='word_1_155' title='bbox 596 2779 752 2853; x_wconf 88' lang='lat' dir='ltr'><strong>moriens</strong></span> <span class='ocrx_word' id='word_1_156' title='bbox 768 2776 855 2857; x_wconf 80' lang='lat' dir='ltr'><strong>vicit</strong></span> 
     </span>
     <span class='ocr_line' id='line_1_27' title="bbox 65 2875 853 2976; baseline -0.008 -22"><span class='ocrx_word' id='word_1_157' title='bbox 65 2904 137 2967; x_wconf 71' lang='lat' dir='ltr'><strong>ern,</strong></span> <span class='ocrx_word' id='word_1_158' title='bbox 161 2891 368 2976; x_wconf 83' lang='lat' dir='ltr'><strong>peccatum,</strong></span> <span class='ocrx_word' id='word_1_159' title='bbox 382 2878 420 2955; x_wconf 71' lang='grc' dir='ltr'><strong>δι</strong></span> <span class='ocrx_word' id='word_1_160' title='bbox 437 2879 633 2953; x_wconf 82' lang='lat' dir='ltr'><strong>contrarias</strong></span> <span class='ocrx_word' id='word_1_161' title='bbox 649 2875 853 2974; x_wconf 76' lang='lat' dir='ltr'><strong>potestates,</strong></span> 
     </span>
     <span class='ocr_line' id='line_1_28' title="bbox 67 2956 854 3075; baseline -0.004 -23"><span class='ocrx_word' id='word_1_162' title='bbox 67 3003 134 3052; x_wconf 94' lang='lat' dir='ltr'><strong>nos</strong></span> <span class='ocrx_word' id='word_1_163' title='bbox 150 2977 326 3075; x_wconf 82' lang='lat' dir='ltr'><strong>perfidem</strong></span> <span class='ocrx_word' id='word_1_164' title='bbox 346 3030 355 3062; x_wconf 96' lang='lat'><strong>,</strong></span> <span class='ocrx_word' id='word_1_165' title='bbox 382 2979 477 3072; x_wconf 81' lang='lat' dir='ltr'><strong>spem</strong></span> <span class='ocrx_word' id='word_1_166' title='bbox 494 2976 530 3053; x_wconf 89' lang='lat'>&amp;</span> <span class='ocrx_word' id='word_1_167' title='bbox 545 2956 755 3073; x_wconf 66' lang='lat' dir='ltr'><strong>patientiiin</strong></span> <span class='ocrx_word' id='word_1_168' title='bbox 771 2974 854 3049; x_wconf 81' lang='lat' dir='ltr'><strong>illus</strong></span> 
     </span>
     <span class='ocr_line' id='line_1_29' title="bbox 66 3074 854 3171; baseline -0.003 -19"><span class='ocrx_word' id='word_1_169' title='bbox 66 3101 147 3152; x_wconf 83' lang='lat' dir='ltr'><strong>mus</strong></span> <span class='ocrx_word' id='word_1_170' title='bbox 165 3129 176 3161; x_wconf 92' lang='lat'><strong>,</strong></span> <span class='ocrx_word' id='word_1_171' title='bbox 200 3075 237 3152; x_wconf 86' lang='lat'>&amp;</span> <span class='ocrx_word' id='word_1_172' title='bbox 252 3077 363 3153; x_wconf 88' lang='lat' dir='ltr'><strong>vitam</strong></span> <span class='ocrx_word' id='word_1_173' title='bbox 377 3076 626 3171; x_wconf 82' lang='lat' dir='ltr'><strong>sempiternam</strong></span> <span class='ocrx_word' id='word_1_174' title='bbox 644 3074 854 3151; x_wconf 78' lang='lat' dir='ltr'><strong>haereditate</strong></span> 
     </span>
     <span class='ocr_line' id='line_1_30' title="bbox 65 3173 853 3259; baseline -0.006 -8"><span class='ocrx_word' id='word_1_175' title='bbox 65 3199 196 3251; x_wconf 82' lang='lat' dir='ltr'><strong>eamus.</strong></span> <span class='ocrx_word' id='word_1_176' title='bbox 223 3175 376 3250; x_wconf 83' lang='lat' dir='ltr'><strong>Proinde</strong></span> <span class='ocrx_word' id='word_1_177' title='bbox 397 3175 592 3250; x_wconf 89' lang='lat' dir='ltr'><strong>Dominum</strong></span> <span class='ocrx_word' id='word_1_178' title='bbox 609 3173 853 3259; x_wconf 87' lang='lat' dir='ltr'><strong>obsecremus,</strong></span> 
     </span>
     <span class='ocr_line' id='line_1_31' title="bbox 65 3270 855 3370; baseline -0.004 -21"><span class='ocrx_word' id='word_1_179' title='bbox 65 3275 131 3351; x_wconf 84' lang='lat' dir='ltr'><strong>&gt;bis</strong></span> <span class='ocrx_word' id='word_1_180' title='bbox 155 3273 373 3349; x_wconf 71' lang='lat' dir='ltr'><strong>intelletium</strong></span> <span class='ocrx_word' id='word_1_181' title='bbox 394 3276 552 3370; x_wconf 77' lang='lat' dir='ltr'><strong>praebeat</strong></span> <span class='ocrx_word' id='word_1_182' title='bbox 574 3273 621 3347; x_wconf 84' lang='lat' dir='ltr'><strong>ad</strong></span> <span class='ocrx_word' id='word_1_183' title='bbox 642 3270 855 3368; x_wconf 83' lang='lat' dir='ltr'><strong>cognoscen-</strong></span> 
     </span>
     <span class='ocr_line' id='line_1_32' title="bbox 77 3370 856 3469; baseline 0.003 -22"><span class='ocrx_word' id='word_1_184' title='bbox 77 3371 300 3449; x_wconf 83' lang='lat' dir='ltr'><strong>voluntatem</strong></span> <span class='ocrx_word' id='word_1_185' title='bbox 330 3370 473 3469; x_wconf 76' lang='lat' dir='ltr'><strong>ipsius,</strong></span> <span class='ocrx_word' id='word_1_186' title='bbox 506 3394 657 3469; x_wconf 80' lang='lat' dir='ltr'><strong>eamque</strong></span> <span class='ocrx_word' id='word_1_187' title='bbox 691 3371 856 3453; x_wconf 80' lang='lat' dir='ltr'><strong>alacriter</strong></span> 
     </span>
     <span class='ocr_line' id='line_1_33' title="bbox 64 3470 857 3569; baseline 0.006 -31"><span class='ocrx_word' id='word_1_188' title='bbox 64 3473 212 3547; x_wconf 68' lang='lat' dir='ltr'><strong>siendum</strong></span> <span class='ocrx_word' id='word_1_189' title='bbox 228 3471 264 3546; x_wconf 93' lang='lat' dir='ltr'><strong>in</strong></span> <span class='ocrx_word' id='word_1_190' title='bbox 281 3472 379 3547; x_wconf 91' lang='lat' dir='ltr'><strong>omni</strong></span> <span class='ocrx_word' id='word_1_191' title='bbox 396 3473 567 3569; x_wconf 81' lang='lat' dir='ltr'><strong>patientia</strong></span> <span class='ocrx_word' id='word_1_192' title='bbox 593 3494 675 3547; x_wconf 92' lang='lat' dir='ltr'><strong>cum</strong></span> <span class='ocrx_word' id='word_1_193' title='bbox 697 3470 829 3565; x_wconf 81' lang='lat' dir='ltr'><strong>gaudio</strong></span> <span class='ocrx_word' id='word_1_194' title='bbox 844 3522 857 3558; x_wconf 96' lang='lat'><strong>,</strong></span> 
     </span>
     <span class='ocr_line' id='line_1_34' title="bbox 64 3570 858 3666; baseline -0.001 -22"><span class='ocrx_word' id='word_1_195' title='bbox 64 3572 176 3657; x_wconf 69' lang='lat' dir='ltr'><strong>abuti,</strong></span> <span class='ocrx_word' id='word_1_196' title='bbox 194 3592 308 3666; x_wconf 88' lang='lat' dir='ltr'><strong>eoque</strong></span> <span class='ocrx_word' id='word_1_197' title='bbox 325 3570 423 3663; x_wconf 82' lang='lat' dir='ltr'><strong>digni</strong></span> <span class='ocrx_word' id='word_1_198' title='bbox 436 3573 566 3666; x_wconf 83' lang='lat' dir='ltr'><strong>reperti</strong></span> <span class='ocrx_word' id='word_1_199' title='bbox 581 3584 755 3647; x_wconf 77' lang='lat' dir='ltr'><strong>oeternum</strong></span> <span class='ocrx_word' id='word_1_200' title='bbox 773 3593 858 3644; x_wconf 90' lang='lat' dir='ltr'><strong>con·</strong></span> 
     </span>
     <span class='ocr_line' id='line_1_35' title="bbox 67 3667 933 3845; baseline 0.002 -98"><span class='ocrx_word' id='word_1_201' title='bbox 67 3691 149 3748; x_wconf 90' lang='lat' dir='ltr'><strong>mur</strong></span> <span class='ocrx_word' id='word_1_202' title='bbox 174 3670 323 3751; x_wconf 80' lang='lat' dir='ltr'><strong>salutem</strong></span> <span class='ocrx_word' id='word_1_203' title='bbox 351 3670 401 3845; x_wconf 59' lang='grc' dir='ltr'><strong>ἰΞις</strong></span> <span class='ocrx_word' id='word_1_204' title='bbox 423 3669 560 3747; x_wconf 87' lang='lat' dir='ltr'><strong>Christo</strong></span> <span class='ocrx_word' id='word_1_205' title='bbox 591 3667 672 3770; x_wconf 85' lang='lat' dir='ltr'><strong>Jesu</strong></span> <span class='ocrx_word' id='word_1_206' title='bbox 701 3669 859 3747; x_wconf 87' lang='lat' dir='ltr'><strong>Domino</strong></span> <span class='ocrx_word' id='word_1_207' title='bbox 929 3740 933 3749; x_wconf 92' lang='lat'><em>.</em></span> 
     </span>
     <span class='ocr_line' id='line_1_36' title="bbox 426 3791 859 3865; baseline -0.016 0"><span class='ocrx_word' id='word_1_208' title='bbox 426 3795 448 3865; x_wconf 79' lang='grc'><strong><em>3</em></strong></span> <span class='ocrx_word' id='word_1_209' title='bbox 768 3791 859 3859; x_wconf 68' lang='grc' dir='ltr'><strong>υῦο·</strong></span> 
     </span>
    </p>
   </div>
   <div class='ocr_carea' id='block_1_9' title="bbox 0 0 1204 4380">
    <p class='ocr_par' dir='ltr' id='par_1_9' title="bbox 0 0 1204 4380">
     <span class='ocr_line' id='line_1_37' title="bbox 0 0 1204 4380; baseline 0 0"><span class='ocrx_word' id='word_1_210' title='bbox 0 0 1204 4380; x_wconf 95' lang='lat' dir='ltr'><strong> </strong></span> 
     </span>
    </p>
   </div>
  </div>
 </body>
</html>
