2400 4380
412 140 423 175 l
518 169 521 181 .

129 303 147 337 .,
240 224 295 319 ,.·’
356 224 575 320 Sermones.
697 215 928 347 spos
1045 198 1117 333 μ’

66 408 243 495 nitebunt
259 466 272 507 ,
294 416 386 494 viles
403 416 441 495 dt
457 417 585 515 abjedi
610 390 930 509 coniliftabuntur,

66 515 191 612 ,digni
213 516 343 593 laetitia
359 517 531 594 ineffabili
549 517 807 612 gloriabuntur.
832 518 930 593 Prae·

66 637 248 711 cupemus
286 616 418 694 faciem
448 616 526 715 ejus
555 617 864 705 inconfeilrone,
891 616 929 693 dc
1041 682 1071 707 ,

73 714 221 814 Psalmis
235 714 410 814 jubilemus
427 720 481 810 εἰς
508 717 545 792 in
570 716 749 802 Psalmis,
783 714 929 813 inquit,

66 835 99 888 m
115 816 155 890 in
167 817 272 891 rebus
290 815 472 900 ridiculis,
486 841 559 890 non
576 818 612 890 in
627 817 775 891 canticis
792 819 928 891 daemo-

66 914 139 989 acis
161 968 173 1002 ,
196 939 269 990 non
290 914 469 1012 cymbalis
488 915 657 990 ludamus
682 930 745 992 aut
761 916 909 991 citharis
916 938 926 1007 ;
1027 968 1050 1013 1.,

66 1011 189 1088 'almus
210 1017 306 1090 enirn
331 1019 515 1090 daemones
538 1015 733 1111 propellit,
758 1015 871 1090 telum
891 1016 926 1091 in
940 1023 1070 1108 &olma
1095 1060 1141 1087 1..

66 1115 217 1188 noribus
241 1115 451 1198 nodurnis,
474 1116 682 1189 diurnorum
710 1115 851 1211 requies
875 1114 918 1188 la-
939 1132 1082 1208 rom-os·

66 1235 182 1298 rum,
208 1212 405 1288 infantibus
428 1213 569 1298 tutela,
602 1216 741 1289 lenibus
769 1214 910 1287 consola
934 1214 1096 1293 mm,

66 1337 104 1398 s,
130 1313 342 1387 mulieribus
363 1328 642 1393 ornamentum,
670 1314 728 1388 hic
746 1311 829 1387 fella
855 1312 929 1387 col·

66 1410 175 1500 strat,
201 1412 364 1488 dolorem
383 1412 576 1487 secundum
600 1413 716 1494 Deum
740 1428 929 1509 procreat,

66 1509 250 1605 ngelorum
268 1536 389 1607 opus,
416 1512 566 1586 coelestis
591 1513 677 1586 vitae
700 1510 928 1601 institutum,

66 1611 216 1686 iritualis
234 1609 370 1693 suffitus
388 1635 397 1688 ε
423 1613 482 1686 hic
497 1624 657 1688 mentem
672 1612 874 1702 illuminat,
891 1613 929 1688 in

66 1709 159 1789 elum
182 1711 344 1799 reducit,
361 1712 526 1785 homines
544 1710 621 1784 Deo
641 1710 929 1786 familiarescol·
1064 1720 1066 1725 ’

66 1810 150 1905 uuio
167 1811 480 1895 reddit,anirnam
497 1809 659 1885 laetificat
670 1812 688 1892 ,'
705 1811 837 1885 otiosas
855 1805 931 1886 col·
981 1855 983 1859 ·
1073 1888 1078 1895 ,
1149 1846 1153 1855 ’

66 1908 233 1984 cutiones
254 1921 453 1997 removet,
482 1909 589 1984 risum
612 1911 830 2015 exterminat
848 1965 857 1990 ,
883 1909 929 1984 de

66 2008 161 2082 dicio
186 2031 252 2084 nos
269 2010 442 2085 admonet
459 2064 469 2095 ,
490 2006 692 2084 diffidentes
708 2009 928 2097 reconciliat,

66 2106 95 2182 bi
113 2106 272 2204 psalmus
285 2132 367 2185 cum
384 2109 676 2206 compundione,
692 2109 741 2184 ibi
758 2126 840 2185 cum
858 2107 930 2224 suis
1013 2176 1016 2181 ,

66 2206 165 2303 rgelis
198 2207 297 2283 Deus
328 2206 462 2295 adest,
500 2208 559 2283 ubi
585 2222 708 2283 autem
738 2208 930 2284 adversaris

68 2309 196 2393 ntica,
233 2308 283 2383 lbi
308 2308 361 2383 ira
387 2306 488 2383 Dei:
521 2307 582 2382 ubi
612 2307 694 2382 libri
730 2307 845 2392 sacri,
877 2307 928 2383 ibi

66 2407 152 2482 titia
168 2405 365 2503 justorum,
389 2409 450 2484 ubi
467 2421 589 2483 antem
608 2408 756 2483 citharae
767 2407 811 2484 dr
828 2406 929 2482 chori
1072 2486 1077 2493 ,

86 2506 233 2603 plausus
251 2532 454 2595 manuum,
487 2504 537 2581 ibi
560 2509 716 2581 virorum
739 2511 928 2597 tenebrae,
973 2524 976 2529 '
1147 2581 1151 2587 .

66 2607 221 2681 ulierum
242 2606 428 2704 perditio,
454 2601 664 2703 angelorum
691 2606 856 2693 tristitia,
891 2604 929 2683 δι
1054 2622 1057 2627 ’
1120 2622 1126 2631 ’

66 2706 161 2782 aboli
177 2706 275 2782 festa.
301 2707 332 2780 Ο
350 2708 553 2803 improbum
570 2699 703 2780 diaboli
721 2704 930 2781 consilium:
1035 2751 1044 2779 t
1085 2794 1089 2800 Ι

66 2807 136 2880 »die
152 2802 265 2903 aliqui
280 2806 432 2902 psallunt
446 2829 493 2878 ex
509 2806 734 2880 ordinatione
748 2804 817 2880 Dei
829 2859 839 2891 ,
850 2818 931 2880 cras
1064 2804 1067 2809 ’

68 2904 171 2981 oreis
190 2906 406 2983 incumbunt
427 2905 532 3002 juxta
555 2905 751 2981 doitrinam
770 2904 929 2980 Satanae.

66 3000 301 3087 illusimus
341 3003 430 3079 otest
444 3004 588 3079 duobus
604 2998 770 3078 Dominis
789 3002 930 3102 seruire,

66 3129 107 3178 eo
125 3104 280 3194 servire,
305 3027 439 3182 §cum
456 3104 601 3182 diabolo
621 3103 772 3178 choreas
788 3103 931 3178 ducere.

66 3203 113 3280 ali
147 3202 433 3303 hodieplallere
466 3227 549 3279 curn
583 3203 750 3299 angelis,
781 3225 861 3277 cras
895 3207 932 3276 in

66 3303 194 3398 pudiis
213 3304 279 3379 elle
304 3328 386 3381 cum
411 3293 665 3388 daemonibus,
692 3301 799 3375 bodie
823 3302 930 3399 seciae

66 3400 169 3478 iloni
201 3426 282 3479 cras
317 3405 477 3503 citbnris=
494 3405 656 3477 intentus
682 3401 780 3474 elle:
822 3396 929 3475 hodie

66 3504 201 3577 enitere
234 3502 280 3578 de
312 3503 498 3600 peccatis,
525 3522 605 3576 cras
624 3500 752 3575 saltare
781 3501 818 3574 in
842 3498 928 3572 cho-

66 3604 115 3677 is:
134 3601 245 3679 hodie
258 3600 404 3704 jejuniis
420 3624 566 3697 operam
583 3602 689 3684 dare,
714 3622 793 3675 crus
810 3602 929 3673 ebrius
1050 3668 1052 3675 .

66 3703 161 3779 nire.
226 3702 285 3781 Ne
321 3700 585 3801 decipiamini,
632 3708 719 3776 non·
745 3696 826 3775 sunt
866 3700 928 3793 ilia
979 3725 983 3733 ·

709 3876 721 3889 ,,
798 3796 928 3890 eichst·

902 3907 912 3937 l
