2430 4388
220 210 309 321 ogo
415 220 418 225 ’
504 192 763 313 &Ephtaem
784 191 895 314 Syri-

225 389 388 485 „Videte
397 394 521 463 antem
531 382 661 467 ‚Christi
679 381 776 477 regis
788 378 897 458 nostri
911 378 1165 477 clementinae

227 490 361 584 ‚alapa
386 510 408 561 a
435 484 534 560 servo
560 482 739 580 percuffus
763 503 847 558 cum
873 480 978 559 omni
1004 480 1167 561 mansue·

226 590 382 683 „tudine
398 585 603 685 respondit:
626 583 836 677 indignatur
857 574 1009 669 servus,
1036 578 1167 689 tolerat

225 688 447 781 „Dominus
498 682 589 771 Quis
605 682 715 777 igitur
736 706 758 755 o
781 680 940 759 Domine
958 678 1166 775 mansuetu}
1209 726 1211 765 ς

223 787 380 885 „dinem
404 800 506 863 tuam
523 804 690 863 enarrare
711 781 856 883 poterit.
887 882 895 889 -
1061 790 1065 795 ’
1209 802 1211 861 ;

47 989 179 1075 armus
226 978 231 985 '
299 1008 334 1075 3.
361 974 521 1069 „Adeste
536 968 657 1055 rursus
679 977 717 1055 &
739 978 939 1069 discordias,
958 970 1054 1075 quid
1078 972 1167 1053 eleo·

34 1076 161 1162 Μαβ-
229 1086 354 1173 „tum
372 1076 491 1153 semen
517 1078 679 1156 Abrahae
712 1080 836 1173 egerit.
886 1075 1189 1157 immaculatum.

45 1180 118 1231 Ν·
222 1176 457 1270 ,nominum
474 1179 585 1255 rnorti
601 1179 752 1255 tradidit
758 1202 769 1273 ;
783 1177 947 1255 Christus
957 1198 1032 1274 per
1041 1192 1168 1251 manus

228 1276 452 1373 „impiorum
473 1276 512 1353 in
533 1276 634 1375 ligno
658 1278 776 1357 crucis
793 1299 856 1377 per
872 1271 1168 1375 summam‘inju·

206 1378 348 1467 .„riam
373 1374 533 1454 sublatus
549 1376 646 1477 est,
690 1376 729 1457 dt
760 1391 905 1475 propter
930 1399 1001 1451 nos
1036 1374 1166 1471 impios

228 1474 295 1569 „in
312 1490 468 1554 mortem
492 1477 659 1557 traditus.
705 1476 827 1574 Siquis
858 1475 964 1569 fortes
977 1497 1030 1550 ex
1055 1470 1168 1569 inorii·

230 1590 347 1667 „nato
371 1574 417 1649 de
442 1590 562 1653 morte
587 1574 777 1655 charitiirni
799 1575 851 1653 sui
875 1573 984 1650 amici
1002 1571 1169 1655 nondun

197 1684 200 1689 '
233 1674 420 1771 „ancipit‚
454 1673 514 1751 vel
537 1688 723 1755 mortuum
748 1688 834 1753 ante
861 1672 896 1749 se
924 1664 1064 1759 videt}
1082 1690 1168 1773 -mot

81 1868 85 1878 Ι
232 1771 340 1869 „ejus
365 1773 488 1853 vultus
514 1774 757 1851 immutatur:
781 1773 828 1850 sic
844 1795 991 1871 quoque
1000 1766 1066 1846 -sol
1084 1768 1168 1846 luoi·

231 1872 332 1967 „dus
356 1873 615 1952 contumeliam
641 1873 789 1952 Domini
805 1872 1000 1970 pendentis
1015 1871 1058 1973 in
1071 1888 1169 1969 cruet

234 1994 415 2063 „cernens
460 1974 644 2053 contraxit
677 1971 878 2053 serenitatis
911 1969 987 2049 suae
1024 1968 1168 2061 radios}

233 2070 420 2165 „Spiritus
429 2069 502 2170 ipse
511 2071 666 2149 Santius
681 2088 789 2172 rupto
801 2068 1036 2148 mundiffimo
1051 2062 1170 2165 templi

201 2176 203 2187 '
234 2167 346 2261 „velo
366 2170 403 2244 in
431 2170 544 2267 specie
569 2171 758 2253 columbae¹
782 2171 827 2247 de
860 2167 1004 2265 templo
1033 2166 1172 2263 exivit,

234 2266 384 2362 „omnis
406 2283 570 2347 creatura
591 2285 747 2365 tremore
764 2268 921 2365 perculsa
937 2267 1014 2357 est,
1030 2262 1170 2369 quando

234 2364 432 2459 „Salvator
456 2369 573 2447 noster
596 2370 713 2467 paffus
728 2370 797 2461 est3
816 2392 884 2449 nos
900 2387 992 2445 vero
1010 2375 1188 2466 peccato*

235 2486 322 2557 „res
342 2465 528 2554 ridemus,
551 2467 744 2566 paffionem
768 2468 808 2545 dt
830 2466 1082 2548 contumelias
1100 2460 1171 2543 Sal·

88 2586 96 2601 “
234 2568 400 2657 „vatoris
416 2566 524 2644 nostri
547 2569 738 2645 audientes
755 2591 766 2662 3
801 2565 948 2662 singulis
965 2562 1170 2662 dichorda:

234 2662 360 2756 ‚ditias
377 2664 575 2756 setiamur,
593 2690 812 2761 omnemque
826 2686 952 2745 curam
970 2664 1013 2741 in
1031 2662 1169 2756 vestium

234 2775 394 2855 „ornatu
411 2758 596 2861 ponimus.
649 2767 719 2857 Qui
739 2765 834 2841 solus
857 2762 1087 2841 immortalis
1108 2758 1150 2837 en

234 2876 468 2959 „propterte
495 2863 649 2964 impium
674 2865 783 2943 morti
808 2863 857 2953 dr,
870 2808 1168 2949 contumeliisei,

233 2962 418 3052 „traditus
436 3015 446 3047 ,
470 2973 510 3036 tu
529 2976 653 3041 autem
676 2962 837 3041 distratia
857 2972 985 3039 mente
1003 2962 1089 3039 haec
1104 2980 1165 3053 our

233 3061 322 3153 „nia
347 3062 495 3159 excipis.
547 3064 702 3139 Omnem
732 3084 880 3159 gregem
915 3060 1029 3138 decet
1048 3058 1162 3153 sffidut¹

118 3182 120 3189 ’
233 3157 435 3255 „pastorem
454 3159 559 3249 suum
579 3162 766 3238 observare
781 3214 793 3248 ‚
811 3159 978 3245 &omni
1003 3158 1162 3247 exenio
1207 3192 1211 3229 ι

234 3258 362 3351 „tione
380 3263 623 3351 contendere,
647 3274 694 3338 ut·
708 3259 837 3357 pastori
854 3259 916 3333 sun
937 3258 1097 3355 placeat.
1117 3250 1161 3347 iit
1197 3292 1211 3346 a

233 3356 373 3449 „fimus
405 3357 609 3434 imitatores
641 3360 850 3463 Judaeorum
887 3359 993 3433 velut
1025 3352 1211 3463 populatu

233 3457 403 3637 „dorufi²
437 3458 667 3555 incredulus,
685 3458 894 3567 semperque
910 3456 1090 3541 beneficia
1102 3450 1164 3547 Da,
1179 3476 1211 3529 »n

234 3579 346 3660 „repe
377 3577 455 3640 ens.
533 3594 536 3599 '
