2400 4380
150 178 161 226 ’·
213 124 553 323 Ι’. Τναὶῖἳαῑτιςς
614 290 619 299 ⁶
759 208 902 317 Usi}
951 182 955 197 ’

54 398 91 467 t,¹
132 396 215 474 quae
243 377 283 454 in
303 377 384 454 'hac
412 346 581 471 accidunt
613 342 716 469 rita,
747 383 900 460 fortuito

54 478 87 552 ri.
139 479 213 557 Sed
229 479 350 554 divina
368 480 571 576 benignitas
585 505 644 556 me
659 485 698 569 in
717 484 899 559 interioris

54 577 268 672 esopotamiae
294 580 440 673 regione
464 593 714 677 peragrantem
738 582 830 658 'iecit
860 585 900 660 in

54 675 171 752 iorem
191 678 314 761 ovium
329 677 520 767 incidere,
548 681 609 777 qui
621 681 667 755 ad
685 705 745 756 me
760 682 898 778 inquit,
931 696 934 703 '
971 748 976 755 .
1004 764 1009 787 1
1036 744 1039 751 .
1071 742 1082 759 ,

54 799 67 851 c
87 777 134 851 ad
160 801 228 852 nos
252 777 420 866 diverte,
442 778 616 875 ‘quoniam
643 780 691 854 ad
706 780 900 877 ¹vesperum
1046 810 1082 847 ·.-.

53 875 145 951 linat
157 874 233 972 jam
250 877 340 953 dies.
390 877 557 953 Remansr
582 902 667 974 ergo
681 882 777 975 apud
793 904 898 971 eum;

54 975 115 1051 dia
129 988 252 1051 autern
268 976 372 1051 nolte
395 977 471 1074 lupi
494 1001 640 1072 gregem
667 980 787 1063 adorti
811 1000 900 1069 oves

54 1071 220 1171 iparunt‚
238 1100 320 1152 cum
337 1077 451 1173 pallor
467 1078 568 1172 gravi
579 1076 703 1154 somno
719 1081 765 1153 ob
785 1078 899 1151 ebrie·

54 1175 295 1272 emopprelius
305 1174 453 1272 jaceret.
499 1175 553 1251 At
570 1177 717 1253 Domini
735 1178 900 1275 superve-
972 1266 975 1271 r
1106 1209 1130 1275 ,η

54 1286 135 1349 ntes
156 1297 215 1349 me
239 1297 383 1373 quoque
406 1289 592 1374 tamquam
618 1297 723 1352 reum
743 1277 784 1352 in¹
803 1274 899 1372 judi·
982 1328 985 1340 .
1113 1324 1116 1331 ·

54 1396 88 1447 m
115 1373 346 1471 abripuerunt
375 1428 386 1463 ,
418 1376 480 1451 ubi
513 1398 591 1451 rem
624 1377 679 1467 pti
718 1376 901 1450 acciderat
989 1424 992 1431 ·
1058 1390 1061 1407 ¹

54 1474 224 1560 trrabam,
246 1474 284 1551 dr
304 1499 388 1551 cum
405 1474 571 1550 adultero
588 1476 746 1569 quodam
764 1475 802 1549 in
821 1495 900 1579 qar-

54 1595 112 1646 em
128 1572 293 1648 detrusus
316 1576 431 1672 reperi
454 1575 504 1649 ibi
527 1575 725 1669 agricolam
751 1586 901 1671 propter

54 1671 231 1745 nicidium
269 1673 318 1747 ibi
356 1674 578 1749 detentum:
613 1673 673 1748 led
701 1695 820 1769 neque
837 1672 901 1747 ille

54 1769 162 1858 tlter‚
187 1793 304 1866 neque
327 1771 387 1847 hic
404 1772 580 1859 nomina,
605 1795 724 1869 neque
746 1796 816 1867 ego
842 1771 901 1845 fur
1032 1841 1045 1854 χ
1105 1778 1110 1785 ’

54 1891 165 1943 mus:
189 1869 314 1944 ottavo
336 1884 459 1947 autem
479 1871 537 1946 die
554 1872 628 1948 vidi
652 1874 847 1966 quemdam
861 1872 901 1946 in

54 1992 118 2041 rno
142 1991 202 2043 me
227 1971 518 2065 compellantem.
579 1964 757 2048 Pietatem
790 1970 899 2057 cole,
930 2050 932 2057 ,

54 2065 205 2144 divinam
229 2070 491 2164 providentiam
512 2069 712 2165 intelliges,
733 2067 899 2166 expende
1028 2120 1032 2137 .
1076 2086 1079 2099 ’

54 2167 300 2260 ecogitaveris
318 2168 355 2243 dr
370 2170 519 2255 feceris,
536 2168 573 2242 dr
591 2168 786 2264 cognosces
808 2167 899 2242 nihil

54 2287 58 2334 t
78 2264 204 2361 injuste
228 2267 315 2362 pati.
365 2269 503 2342 Somno
528 2269 638 2361 igitur
659 2266 797 2342 solutus
822 2290 899 2355 me·

54 2365 82 2438 ri
105 2387 165 2438 me
191 2368 230 2440 in
262 2386 350 2460 agro
377 2367 535 2460 regionis
566 2364 703 2460 hujus,
730 2367 899 2463 pauperis

54 2465 180 2538 usdarn
202 2461 394 2558 juvencam
418 2464 538 2539 media
562 2464 664 2540 nolte
689 2463 802 2545 aluo
834 2488 898 2540 cu·
989 2434 1013 2542 ,Ι

79 2563 264 2657 exegilie‚
297 2585 406 2658 quam
438 2565 571 2658 frigore
602 2564 836 2658 languentem
861 2561 900 2638 dr

56 2683 137 2736 rum
162 2672 366 2757 portantem
390 2663 511 2737 bellua
535 2663 758 2738 dilaceravit.
780 2661 899 2759 Judex
982 2740 984 2745 ,

54 2784 79 2836 ὀ
102 2760 296 2857 quaestione
312 2761 466 2838 deditio
484 2761 620 2861 pallore
634 2762 760 2838 habito
776 2784 819 2837 ao
837 2784 899 2836 ve·
932 2830 939 2849 x

54 2876 99 2936 rte
118 2859 155 2936 dr
174 2859 382 2936 innocentia
400 2885 482 2937 mea
505 2876 689 2957 comperta
715 2860 791 2958 post
819 2858 900 2933 dies

54 2962 172 3056 oginta
201 2984 261 3034 me
289 2961 457 3035 liberavit
496 2959 534 3036 dr
568 2960 731 3036 absolvit.
784 2957 899 3033 Notte
986 2990 989 2999 ·
1102 2952 1106 2963 '

53 3061 123 3134 nde
154 3059 314 3153 sequenti
341 3060 379 3134 in
411 3059 550 3134 somnis
583 3059 753 3156 conspexi
779 3059 899 3133 virum

54 3160 84 3234 oi
101 3160 281 3234 dicentem
301 3182 310 3233 ε
335 3176 515 3234 revertere
532 3159 578 3233 ad
595 3159 715 3234 locum
728 3157 900 3251 tuum&

61 3261 253 3354 iniquitate
270 3273 332 3332 tua
350 3281 418 3352 age
437 3258 707 3354 poenitentiam,
728 3272 901 3353 certoque¹
1038 3338 1041 3347 .

54 3380 111 3449 rs,
133 3381 244 3432 unum
269 3356 337 3432 elie
366 3357 512 3432 oculum
536 3356 662 3432 cunda
688 3354 901 3451 perltdiran·
982 3428 984 3433 .

54 3482 80 3533 1.
131 3455 258 3531 lllultis
281 3458 389 3551 igitur
410 3457 608 3552 lachrymis
632 3457 794 3552 perl'usus
818 3455 903 3527 inde

53 3558 93 3643 i,
125 3558 323 3649 ignorans,
354 3571 474 3631 utrum
508 3557 587 3630 Deo
634 3532 901 3629 satisfecerim:

54 3669 208 3755 rpropter
247 3656 411 3733 omnium
447 3679 507 3732 me
542 3655 710 3754 precibus
740 3652 903 3828 adjduvari

764 3805 791 3843 ‚,
818 3775 901 3855 epo·
