2400 4380
232 232 342 323 722·
527 204 771 322 &Ephrem
798 203 901 325 Syri
1142 39 1166 323 1

119 470 123 477 ,
240 395 553 494 „appropinquare
570 388 1034 492 nequeuntApostatitrum
1047 390 1152 493 poderi
1183 436 1192 480 r

240 495 364 587 ,Meis
400 492 513 591 igitur
546 496 735 594 praeceptis
765 495 805 570 dt
841 490 1028 591 doflriuae
1064 492 1154 571 sedric
1186 538 1192 577 r

194 678 200 691 ⁸
238 592 651 769 '’ii‘'ai‘i‘aissisia?
668 590 1192 790 miiaiis‘iasiis‘csiiiii'

239 745 267 784 ’9
550 784 552 789 ,
648 745 661 785 9
1188 736 1192 777 i

239 793 374 884 „annis
397 806 584 889 acceptam
605 792 845 869 inconcussam
870 788 1055 865 servavi:
1081 787 1160 887 squ'n
1188 836 1192 875 ,

128 966 132 995 ἱ
240 913 354 983 „vero
369 891 616 976 dubitaverit,
639 903 705 969 aut
718 904 847 968 contra
863 890 1000 964 Qum
1022 885 1161 967 unuani
1190 944 1192 952 ι

239 1002 338 1087 „que
362 988 441 1087 ejas
462 989 660 1068 Ecclesiam
674 990 886 1090 impingens
906 987 1163 1086 separaturus·

237 1093 342 1181 „rin
366 1092 473 1169 vitus
495 1091 534 1164 iu
552 1091 733 1168 infernum
749 1090 995 1168 detrudatur.
1051 1087 1163 1183 thui·
1191 1152 1192 1159 ,

238 1211 409 1285 „cunque
429 1191 538 1267 Patre
550 1189 684 1268 Filium
701 1190 887 1267 minorem
901 1188 1042 1263 fecerit
1055 1186 1161 1284 absquo
1183 1246 1192 1283 a

237 1289 444 1387 „sepultura
468 1287 542 1385 ipse
566 1290 678 1365 etiam
700 1291 834 1386 pariter
864 1289 908 1362 in
946 1301 1085 1361 terram
1107 1286 1160 1361 dei·
1176 1313 1192 1386 ,ι

109 1416 112 1423 ·
229 1389 408 1481 „condat
479 1388 604 1485 Siquis
647 1411 750 1464 vero.
778 1387 966 1464 adversus
1016 1385 1156 1482 Spititnn

231 1486 436 1579 „Sauftum
460 1485 681 1575 dissenserit,
707 1487 793 1563 talis
816 1486 855 1565 in
881 1483 1034 1584 judicio
1056 1483 1192 1577 miseria

235 1588 424 1680 „cordiam
453 1611 527 1663 non
562 1589 750 1665 obtineat:
784 1584 824 1663 dt
862 1585 986 1681 saquis
1022 1584 1151 1663 aduersu
1170 1607 1192 1671 ,a

235 1686 492 1781 „Catholicam
502 1684 699 1764 Ecclesiam
715 1686 784 1763 sese
800 1686 1012 1771 extulerit,
1028 1684 1152 1779 leproiu
1170 1681 1192 1771 ,i

234 1785 329 1881 „fiat
349 1785 455 1862 instar
477 1786 575 1863 stulti
588 1786 704 1863 Giezi.
754 1787 985 1882 Quicunque
1008 1803 1151 1880 portora
1170 1779 1192 1874 ,it

98 1910 101 1917 ’
133 1920 136 1937 ·
232 1885 357 1982 „siam
365 1885 616 1983 intelligentiae
624 1886 733 1963 iidem
742 1884 1003 1982 dereliquerit,
1017 1882 1192 1970 cousque

234 2000 372 2081 „gatar
401 1985 602 2083 iniquitatis
626 1985 790 2062 funiculo
819 1982 1029 2081 proditoris
1044 1978 1192 2159 ffid

229 2105 373 2182 „quam
390 2086 487 2161 enirn
507 2108 576 2182 ego
591 2086 715 2181 accepi
730 2084 861 2172 fidem,
882 2085 987 2160 hanc
1001 2106 1027 2156 a
1185 2078 1192 2149 i

234 2184 373 2276 „didici
396 2182 600 2282 Apostolis,
627 2183 762 2284 ipsique
786 2207 870 2259 eam
901 2207 925 2258 a
944 2183 1032 2258 Deo
1057 2202 1154 2278 accep·
1177 2194 1192 2267 ,t

96 2288 99 2293 '
214 2293 339 2375 „tam
356 2285 456 2361 omni
473 2297 649 2361 creaturae
666 2284 921 2382 praedicarunt.
966 2281 1156 2357 Intolerabi·
1180 2303 1192 2365 ,¹

232 2382 308 2482 „lis
325 2406 412 2480 ergo
431 2383 605 2480 iniquitas
622 2383 723 2460 estin
737 2383 857 2460 Deum
877 2382 1115 2481 blasphemia.
1182 2428 1192 2467 ,

54 2500 196 2568 Harena
310 2507 367 2579 15.
396 2481 626 2573 „Verborum
641 2484 753 2580 igitur
770 2504 944 2560 meorum
961 2480 1156 2558 memoriam
1169 2528 1191 2583 μ

55 2587 183 2654 vitnau.
236 2581 388 2675 „vestris
412 2581 599 2679 insculpite
621 2583 810 2670 cordibus,
833 2582 875 2658 dt
893 2581 985 2658 haec
1012 2580 1157 2656 vobisin
1187 2627 1192 2665 ‚

237 2682 384 2773 „Deum
400 2681 443 2758 srt
457 2684 694 2771 exercitatio,
706 2696 748 2759 ut
767 2682 904 2757 seilicet
920 2681 1087 2778 vigilias,
1100 2679 1157 2756 aii·

237 2782 356 2871 „duas
372 2780 608 2879 psalmodias,
629 2781 765 2881 jejunia
787 2779 968 2858 &sideni
996 2780 1156 2876 diligatis,
1191 2836 1192 2843 a

235 2879 300 2971 „dt
319 2881 457 2978 semper
482 2881 679 2958 Dominum
699 2882 816 2980 Jesum
838 2879 1035 2957 Christum
1054 2902 1158 2974 expet·

94 3056 98 3063 .
234 2979 360 3072 „tetis
385 2981 532 3056 Habere
547 3002 616 3056 nos
632 2997 806 3077 praeterea
827 2990 985 3076 oportet
1002 2979 1159 3076 hospitunt

222 3080 298 3169 .„&
315 3081 583 3177 peregrinorum
600 3080 903 3176 suscipiendorum
921 3100 1077 3168 curam,
1092 3100 1159 3152 nrm
1179 3116 1186 3145 ι

234 3180 324 3275 „qui
347 3181 575 3277 peregrinum
597 3177 766 3276 suscipit,
791 3178 913 3253 Deum
934 3178 1058 3276 ipsum
1077 3174 1128 3275 ini
1139 3178 1146 3191 '

231 3279 339 3375 „pitz
365 3277 403 3354 dt
425 3279 520 3354 circa
543 3279 655 3356 fidem
679 3278 840 3354 maxime
869 3277 990 3354 estote
1017 3276 1162 3353 constan·

229 3390 339 3465 „tes‚
365 3392 536 3454 caventes
558 3378 663 3454 vobis
683 3379 731 3454 ab
756 3375 978 3454 adversariis
1004 3377 1043 3453 dt
1058 3377 1162 3453 sedno-

227 3475 406 3566 „toribus
452 3476 510 3552 Ne
532 3477 642 3573 igitur
666 3475 770 3554 srmul
794 3500 880 3553 cum
916 3477 999 3552 iliis
1024 3476 1162 3551 sedeatis

230 3577 296 3665 „in
322 3573 478 3651 concilio
503 3577 676 3653 vanitatis
700 3599 857 3663 eorum,
895 3575 939 3652 dr
962 3601 1012 3652 ne
1034 3573 1161 3652 investi·

228 3674 352 3770 „getis
374 3677 539 3755 semitam
562 3677 796 3775 cogitationis
818 3675 1015 3775 ipsorum,
1048 3695 1160 3788 parurn

312 3844 315 3849 .
1049 3794 1158 3869 „curu
