2400 4380
232 148 263 233 u'
380 216 613 321 Tradunt·
848 201 958 339 '327
1035 246 1038 251 ·
1162 261 1168 275 =

56 408 213 484 nentem
238 407 578 581 Qlluminabit
597 457 608 493 ,
624 403 834 484 secundum
857 402 960 485 “ebim
1001 484 1007 497 ,

56 507 327 606 proportionem
379 508 437 582 dei
463 504 581 603 gratia
606 505 747 581 habitat
769 508 959 586 inanima.
1010 527 1012 531 ’
1049 547 1058 571 =

56 605 203 685 Palmes
219 605 369 693 Christi,
387 607 448 702 qui
470 608 547 703 agit
561 614 624 688 ea,
641 609 724 702 quae
734 605 825 680 fides
840 608 960 684 docetc
1127 600 1138 609 ”

56 705 125 794 Qui
144 690 368 780 turbationes
382 705 556 794 sedatur,
567 698 866 805 subitobdveniet
883 706 963 802 ejus

56 804 213 906 perditio
228 827 239 896 3
264 816 303 879 at
320 806 382 901 qui
400 828 524 903 pacem
541 798 660 888 amat,
673 801 859 903 possidebit
866 829 961 884 eam,
1190 878 1196 891 ,

56 903 96 982 Si
128 903 347 981 calumniam
371 907 467 979 inte
494 904 892 1001 torquericontigerit,
923 905 962 981 dc
1091 980 1097 991 ,
1189 980 1193 995 ,

56 1002 180 1105 postea
209 1004 346 1100 puritas
372 1003 608 1099 conscientiae,
628 1014 704 1079 tuae
732 1005 975 1101 apparuerit,
1034 1005 1064 1067 l'
1194 1046 1196 1063 ·

56 1126 103 1181 ne
122 1103 334 1200 superbias,
360 1103 419 1177 sed
439 1102 597 1182 Domino
618 1102 877 1189 inhumilitate
894 1102 965 1195 ser·
1058 1156 1077 1191 „
1192 1108 1195 1115 ’

56 1203 164 1288 vias,
191 1201 252 1297 qui
275 1213 312 1276 te
331 1222 353 1276 a
375 1202 554 1277 calumnia
570 1194 748 1277 liberavit.
798 1205 965 1290 Quanam
1013 1220 1018 1240 '
1063 1218 1067 1239 ¹
1162 1262 1165 1269 ,

56 1324 100 1378 re
124 1298 335 1397 injuriarum
365 1302 540 1378 memoria
564 1300 773 1375 delebitur?
804 1312 964 1378 commeae
1058 1306 1092 1385 ἧ
1182 1330 1189 1357 ¹

56 1401 262 1481 moratione
280 1401 422 1477 timoris
439 1400 587 1475 Domini
602 1423 646 1474 ac
671 1400 742 1476 diei
759 1403 898 1477 mortis.
920 1401 963 1485 si

56 1502 175 1577 virum
195 1517 328 1595 magna
347 1501 501 1597 politum
517 1498 693 1594 dignitate
710 1498 961 1598 conspexeris,
1148 1558 1150 1569 .

56 1598 170 1777 {illuni
184 1602 302 1694 magis
319 1599 513 1705 suspicias,
533 1599 596 1697 qui
612 1611 792 1677 terrenam
808 1600 964 1699 gloriam
1021 1622 1028 1640 “
1087 1620 1089 1628 ‘

85 1712 141 1776 ete
169 1710 264 1775 atur»
549 1743 551 1748 ·
921 1760 923 1765 .
1010 1722 1015 1734 ⁸

104 1917 165 1992 24.
192 1889 259 1986 „Si
281 1889 319 1971 iu
349 1889 464 1973 oculis
491 1905 639 1975 tuorum
669 1890 823 1975 stastum
856 1887 964 1974 instar
972 1849 1137 2007 &cuiauis

56 1999 143 2089 lauri
168 2018 279 2093 purus
304 1996 539 2094 apparueris,
577 2011 619 2074 tu
649 1998 801 2096 teipsum
827 2008 870 2072 ut
897 2005 1080 2087 ranacario
1093 2001 1142 2070 ci·
1186 2080 1190 2091 ¹

56 2094 190 2189 inutile
213 2093 385 2171 existima.
435 2096 529 2171 Cum
549 2096 661 2173 fratre
678 2098 813 2174 malam
829 2096 967 2172 famam
977 2098 1065 2158 ΜΨ·

56 2195 219 2287 ,habente
244 2195 319 2270 noli
354 2192 480 2270 vinum
508 2194 611 2270 fimul
643 2196 808 2286 bibere,
849 2196 968 2291 neque
1102 2210 1106 2217 “

56 2292 230 2385 ,insolenti
255 2294 394 2368 homini
415 2293 643 2394 applaudaS‚
676 2319 744 2370 nec
771 2310 969 2391 cum-quo·
1022 2364 1026 2373 ,
1083 2354 1086 2367 .
1174 2330 1178 2339 ,

56 2400 172 2491 ,quarn
192 2392 417 2491 improperiis
433 2417 532 2489 agas.
583 2395 623 2470 si
641 2393 805 2470 infirmus
826 2392 871 2490 sis
888 2400 980 2470 mir-¹

56 2495 181 2595 albus,
209 2517 255 2568 ne
271 2504 309 2567 te
325 2492 430 2568 alteri
453 2486 651 2590 conjungas
668 2495 800 2571 mentis
816 2492 968 2570 infirmi«

56 2605 140 2685 ,tate
165 2593 346 2677 detento,
390 2616 436 2666 ne
461 2594 616 2689 accipias
639 2606 680 2669 tu
708 2590 968 2670 detiimentum

56 2703 208 2791 ,propter
242 2691 381 2780 illum,
420 2691 483 2770 ille
515 2707 659 2789 propter
686 2705 750 2767 te:
785 2691 812 2766 fi
842 2703 966 2787 autem

56 2790 162 2885 ,vales
182 2784 366 2866 exhortari
388 2788 426 2865 dr
444 2786 618 2868 consolari
643 2786 798 2868 alterum
823 2791 862 2867 in
891 2790 969 2868 Do·

56 2892 194 2981 mino,
228 2891 392 2976 accede,
423 2888 461 2965 dc
484 2892 688 2967 mercedem
709 2888 883 2967 invenies.
908 2884 969 2966 ¹Si
1032 2962 1036 2984 ,
1132 2964 1137 2975 ,

56 2984 212 3081 ,fratrem
234 3003 444 3087 peccantem
461 2988 664 3087 aspexeris,
688 2983 881 3088 &postero
909 2987 970 3065 die
1072 3014 1074 3019 ’
1101 2974 1108 3009 i
1153 2990 1170 3009 ”

56 3091 234 3182 ‚eumdem
260 3088 423 3175 videris,
460 3114 507 3162 ne
530 3091 644 3187 ipsum
670 3100 713 3166 ut
739 3101 968 3188 peccatorem

56 3200 186 3279 ,tecum
200 3200 345 3283 reputes
361 3242 372 3274 ,
396 3186 543 3283 ignoras
559 3190 679 3275 enim,
704 3208 752 3264 an
767 3199 810 3263 te.
822 3187 970 3264 absente

56 3302 151 3377 ,cum
170 3286 369 3385 lachrymis
387 3286 585 3364 Dominum
610 3290 832 3387 placaverit:
858 3305 970 3384 quare
1019 3316 1023 3323 ¹

55 3396 211 3486 ,oportet
229 3388 274 3463 ab
292 3382 374 3463 aliis
388 3385 593 3484 judicandis
608 3389 802 3476 abstinere,
822 3380 860 3463 dc
882 3387 971 3483 seip-
1044 3452 1047 3459 ,
1075 3382 1080 3403 ’
1123 3374 1127 3399 “

56 3485 141 3575 ,sum
158 3486 360 3561 humiliare.
403 3486 443 3560 Si
459 3488 548 3563 artis
567 3490 736 3567 medendi
750 3488 886 3586 peritus
903 3478 974 3570 lla,
1036 3518 1039 3523 ·
1161 3554 1164 3565 .

57 3580 104 3675 ,dc
124 3584 263 3662 morbis
289 3585 448 3660 remedia
481 3587 659 3677 adhibes,
692 3586 905 3686 prudentem
932 3598 971 3659 te
1151 3658 1159 3690 7

56 3684 211 3788 praebe,
241 3687 395 3763 nedum
421 3684 513 3761 alios
534 3706 669 3780 curas,
700 3685 850 3787 teipsum
874 3683 972 3857 ”iim
1008 3700 1015 3719 ·
1068 3748 1071 3757 .

855 3806 904 3877 ’,ὅ
934 3804 970 3856 ⁶⁸
