2400 4380
329 234 557 332 oranius..
577 236 723 335 nar.
779 208 794 233 ²
925 256 986 365 η·
1098 210 1103 229 ’

10 492 13 523 ,
53 426 148 524 „ilbi
166 428 411 524 comparavit,
435 426 473 505 dr
493 425 639 531 posteris
657 424 906 506 haereditatem
925 430 982 507 iu·

10 532 12 542 '
53 527 226 624 „digeflae
250 529 402 609 mortis.
438 549 520 623 quae
544 526 780 605 homicidium
803 552 891 607 mox
918 553 982 627 pe·

54 629 193 742 „peria
215 625 441 741 dereliquite
458 627 689 741 impatienter
710 628 806 703 euim
832 625 981 742 fraterni

50 726 408 919 stillabant:
422 725 983 921 llfllmtllablnl:

50 924 192 1017 „guina
221 923 383 1020 impiata.
456 923 552 1011 Quid
580 924 842 1023 impatientium
865 922 985 997 Sodo·
1137 956 1141 1007 ;

50 1018 256 1115 „moer
303 1024 367 1097 ubi
395 1022 520 1097 illicite
548 1022 614 1097 viri
639 1022 930 1119 opprimebantur
959 1045 982 1096 a

52 1120 191 1211 „viris,
216 1120 428 1217 prodigiosae
453 1120 612 1197 libidinis
636 1125 739 1217 ignes
764 1123 906 1195 divinus
927 1124 983 1214 ig-

54 1217 137 1311 „nis
163 1219 339 1294 incendit.
373 1216 455 1295 Gerr.
479 1245 534 1314 rp.
580 1218 695 1318 Judaei
718 1220 867 1315 Moysen
892 1220 982 1313 lapi*

10 1332 12 1403 ς
58 1317 167 1408 „dare
206 1334 406 1406 conantur,
445 1318 641 1416 multisque
671 1319 742 1394 diis
772 1342 814 1393 ac
838 1316 983 1411 regibus

56 1414 984 1523 fflmfflmwmwmmm

58 1514 171 1607 „fiam
192 1512 327 1592 servire
351 1515 499 1593 minime
524 1529 728 1615 potuerunt.
1031 1534 1035 1551 ’
1120 1525 1125 1535 “

100 1688 184 1810 ’24
217 1712 358 1801 „Nunc
380 1714 429 1789 ad
452 1714 636 1811 patientiae
659 1723 882 1795 revertamur
909 1712 1150 1793 vir-manna

10 1830 13 1846 '
62 1821 216 1906 orm-r
240 1834 328 1909 quae
344 1812 539 1911 majoribus
553 1816 678 1891 uostris
695 1837 888 1913 perennem
900 1798 1137 1911 glo-‘mli‘-

10 1944 17 1963 ·
58 1913 174 2003 ··„riam
195 1913 340 2008 peperit
363 1911 402 2007 ἃς
426 1910 593 1990 salutem:
657 1914 753 1993 Abel
777 1916 860 1990 ideo
887 1935 983 1988 mar·

10 2030 17 2077 t
61 2024 161 2105 „tyn
190 2013 281 2106 quia
298 2008 545 2109 justus,„ideo
562 2013 697 2111 justus,
726 2017 809 2111 quia
829 2014 984 2110 patiens.

10 2127 21 2176 r
60 2107 164 2199 „Gna
189 2136 228 2205 3.
297 2110 378 2186 Noe
407 2111 669 2209 cataclysmum
703 2113 891 2188 imminere
920 2127 985 2209 pet

10 2224 24 2277 u
60 2221 272 2299 ,momenta
291 2208 331 2285 ἀ
347 2210 480 2295 credit,
506 2212 543 2286 dr
565 2214 690 2296 timet,
715 2233 908 2305 arcamque
924 2208 986 2307 ju·

59 2308 188 2397 „beate
210 2308 295 2383 Deo
318 2311 493 2406 patienter
513 2309 694 2398 aedificat,
719 2312 895 2406 patienter
921 2332 984 2383 va·

17 2494 26 2511 „
57 2406 142 2495 „riis
159 2408 412 2484 animantibus
436 2409 569 2504 replet:
596 2409 740 2506 quaudo
765 2407 904 2505 ingredi
925 2404 997 2503 ju·'

10 2506 234 2597 u„beatur,
274 2509 417 2602 quando
445 2506 593 2604 januam
621 2509 811 2597 claudere,
846 2507 986 2603 patien·
1135 2516 1138 2521 '

55 2616 135 2695 „ter
158 2603 351 2700 expectat,
375 2606 505 2701 dignus
533 2609 706 2694 evadere,
730 2607 792 2705 qui
817 2607 855 2681 in
881 2620 985 2679 tanto
1096 2670 1099 2675 .

60 2704 179 2795 „orbis
206 2718 311 2779 metu
333 2729 405 2779 non
431 2704 608 2781 festinavit
634 2707 796 2781 euadere.
867 2699 986 2778 Abra·
1038 2787 1041 2799 Ι

59 2802 168 2895 „bam
188 2801 291 2877 Isaac
307 2798 369 2877 libi
394 2802 627 2880 dulcillrmum
654 2803 768 2881 tilium
785 2803 864 2879 Deo
886 2801 986 2877 vitti-
1113 2888 1116 2893 ¹

57 2924 181 2994 „mam
210 2901 409 2985 dulciorem
430 2904 578 2978 destinat
598 2902 782 2999 irrgulare,
821 2899 986 2996 nejngu·

56 3000 155 3093 „let‚
195 3002 238 3074 in
264 3022 336 3097 quo
358 3000 553 3096 spectaculo
579 3000 723 3077 difficile
741 3001 789 3076 ell
816 2999 985 3090 definire,

54 3114 208 3193 „utrum
237 3101 430 3196 patientior
459 3099 502 3175 srt
531 3100 715 3183 sacerdos,
770 3125 817 3175 an
845 3100 987 3175 vitilium

59 3196 169 3290 „Gra
199 3224 260 3273 22.
296 3198 417 3297 ‘Jacob
440 3222 503 3296 per
526 3201 734 3295 patientiam
756 3200 917 3276 lucratus
938 3194 987 3272 est

59 3296 123 3391 „dr
149 3297 437 3373 benedittionem
463 3298 501 3374 dr
525 3300 673 3393 fratrem
704 3297 785 3375 Gen.
814 3324 870 3396 27.
930 3296 989 3371 Si·

56 3396 223 3489 „militer
262 3395 397 3494 Josepla
427 3401 567 3493 patiens
596 3401 777 3481 inuenitur
805 3422 827 3473 e
856 3393 988 3495 pascuo

59 3520 170 3588 „cum
200 3519 225 3569 a
255 3496 424 3571 fratribus
455 3498 612 3593 rapitur,
644 3498 806 3593 pariana,
837 3518 920 3570 cum
950 3494 989 3568 in
1058 3566 1061 3571 .

61 3609 239 3693 „puteum
262 3596 480 3688 demiratum
522 3596 660 3693 patiens
684 3597 722 3671 in
751 3617 914 3671 carcere.
951 3595 1024 3667 iul

63 3716 201 3791 „reguo
221 3696 434 3790 patientior,
460 3693 748 3790 patrentiffinue.
773 3692 991 3770 desideratos

64 3802 606 3895 .SuramAnalyfisTom.x1·.'
725 3790 768 3874 Β·
880 3814 993 3883 „cum
