2430 4388
103 218 191 311 *dr
207 188 425 335 &humore
440 138 641 335 lionorisi,
666 216 754 312 Lu.
778 216 882 310 VII.
942 224 1024 317 161

1150 336 1179 379 Ἰ

82 407 200 503 „ule
224 404 447 495 servamus,
480 404 588 504 quale
626 405 861 505 suscipimus,
893 406 1031 487 muscae·

82 507 306 601 ,moriturae
328 502 395 580 effe
417 529 490 580 non
515 504 708 604 poiiumus.
759 507 832 581 Sed
852 507 1024 585 dumvos

82 605 263 699 „inuidiae
288 602 556 702 tempestatibus
579 604 719 702 impulsi
735 604 832 703 quasi
846 609 884 683 in
897 607 1022 688 oleum

86 704 278 797 ffldkis,
304 702 645 780 vosrexterminatis
670 706 708 780 iu
737 706 1023 804 rebaptizatione

85 802 329 897 ,denuitatem
370 804 442 879 olei
482 803 614 891 iilius,
658 805 755 902 quod
794 807 831 881 in
875 805 1022 881 nomine
1168 898 1173 903 .

82 900 245 998 „Christi
266 902 468 978 confestum
493 902 564 995 est;
599 927 668 977 nos
693 906 876 1001 quomodo
902 904 1022 1002 potui·
1049 936 1052 941 ·

82 1026 196 1097 „mus
219 1023 452 1099 eorrumpere
477 1002 722 1093 suavitatem,
747 1026 829 1099 quae
851 1017 939 1091 aute
953 1022 1023 1078 nos

82 1126 130 1195 „a
154 1098 265 1177 nullo
289 1102 453 1177 confesta
475 1100 562 1178 est?
597 1103 796 1179 Seduxistis
824 1104 1022 1189 homines,
1058 1134 1063 1140 ·

82 1200 384 1299 ,sebaptizaiiim
409 1201 541 1278 iterum
556 1202 706 1279 unxistis
725 1228 798 1279 nou
815 1200 887 1279 iine
903 1215 1023 1278 morte

82 1300 259 1394 „vestra,
291 1301 554 1391 exterminastis
578 1353 589 1391 ,
622 1304 720 1401 quod
744 1305 862 1380 suerat
885 1302 931 1377 de
955 1327 1023 1377 no·

82 1400 214 1493 „mine
247 1396 391 1478 Christi
406 1402 613 1479 <consenum
649 1426 750 1478 more
781 1402 1021 1501 muscarum,

82 1516 407 1599 „quaepereuntes
429 1504 707 1591 exterminant,
738 1505 822 1599 quia
847 1526 947 1578 mors
972 1498 1022 1577 est

82 1613 337 1701 „peceatum
360 1602 458 1698 quod
483 1623 557 1678 nun
581 1603 691 1679 habet
711 1604 1008 1697 indulgentiam.-

158 1722 193 1795 5.
224 1700 349 1787 „Nam
379 1702 416 1778 δι
449 1702 541 1777 illud
573 1703 681 1800 quale
709 1702 757 1776 est
790 1694 890 1798 quod
915 1696 1019 1775 vobis
1035 1720 1199 1809 mgna

87 1800 302 1897 „petionem
324 1800 439 1899 Moysi
468 1806 654 1898 imponere
680 1801 869 1886 voluistis,
892 1804 1142 1892 coutragyomm·
1155 1806 1198 1891 (s,

87 1920 224 1995 „quem
248 1899 415 1999 jamnem
439 1900 478 1977 &
507 1902 709 1977 Mambrem
733 1900 895 1976 obstitiiie
920 1890 1167 1989 eom-Mambri
1207 1927 1212 1938 ·

82 2004 295 2090 ,memorat
319 2000 454 2077 Paulus
478 2001 673 2100 Apostolus
698 2029 730 2079 2.
753 2000 837 2075 Tim.
850 2027 885 2096 3.
905 2026 936 2076 o
957 1975 1145 2075 ΝΜ·

81 2096 136 2189 „ii
167 2098 224 2181 itu
256 2097 335 2186 est,
370 2122 453 2197 quae
486 2103 584 2201 apud
615 2125 681 2176 vos
711 2103 845 2177 veritas
868 2096 1023 2175 inveniri

82 2197 254 2297 „potest,
279 2200 338 2273 cui
361 2202 553 2278 Catholica
574 2202 718 2277 videtur
743 2199 931 2307 omnem,
956 2209 1022 2274 aut

81 2296 212 2395 „quod
236 2300 332 2395 apud
355 2325 421 2374 nos
446 2301 513 2376 effe
538 2303 768 2377 mendacium
786 2300 921 2397 poteris
938 2320 1022 2394 pro·

82 2448 108 2489 „
131 2394 243 2473 area
284 2397 321 2471 in
349 2424 422 2476 una
454 2402 710 2476 communione
736 2399 810 2474 effe'
827 2420 911 2475 cum
940 2407 1021 2471 toto

82 2498 200 2587 „orbe
226 2508 402 2575 terrarum
426 2551 437 2587 ,
464 2501 668 2596 symbolum
692 2501 839 2575 unicum
863 2497 1019 2572 retinere

82 2594 149 2688 „&
175 2594 402 2687 defendere,
434 2600 647 2674 cathedram
674 2597 801 2685 Petri,
836 2596 874 2673 δι
896 2596 1020 2671 claves

82 2694 216 2790 „regni
238 2694 413 2773 coelorum
437 2722 460 2773 a
485 2698 624 2774 Christo
646 2696 856 2783 concessas,
882 2696 945 2771 ubi
969 2692 1020 2769 est

82 2792 234 2888 „nostra
258 2793 439 2886 societas,
466 2798 640 2894 numquid
664 2797 799 2894 poteris
824 2796 1021 2894 approbare

82 2893 389 2988 „mendaciuma
421 2896 508 2973 ficut
540 2897 686 2992 Moyses
722 2898 817 2994 prior
852 2893 933 2975 est,
968 2894 1020 2967 ita

82 2992 306 3089 „catholica
333 2999 426 3089 prior
450 2997 499 3071 est
522 3019 532 3087 ;
555 2997 642 3072 ficut
672 2996 818 3095 Jamnes
841 2994 880 3074 dt
901 2990 1021 3067 Mam·

82 3096 197 3189 „bres
225 3104 465 3188 repugnantes
489 3098 719 3181 obstiterunt,
742 3095 788 3173 fic
812 3093 940 3175 &vos
964 3098 1022 3164 re'·

82 3192 230 3289 ,belles
261 3207 387 3269 eontra
420 3218 542 3271 veram
573 3193 799 3270 Catholicam
840 3191 1020 3269 militatis.

81 3293 223 3389 „Unde
248 3305 432 3389 apparet,
457 3317 523 3370 vos
548 3316 675 3370 omnes
701 3314 819 3369 errare
842 3293 879 3367 in
903 3288 1022 3365 nomi·

82 3393 222 3488 „nibus
247 3393 534 3481 transferendis,
560 3395 646 3469 dum
669 3391 708 3468 δι
733 3407 773 3468 tu
797 3392 961 3492 Jamnem
981 3385 1020 3462 dc

81 3489 321 3585 ,Mambrem
345 3492 503 3591 pacificis
528 3492 727 3569 Catholicis
743 3485 1021 3587 comparasti,&

82 3613 179 3685 „vos
194 3589 458 3762 &igsmaticos
467 3591 604 3691 moyn,
616 3592 714 3690 quod
733 3615 754 3667 a
769 3592 920 3669 veritate
932 3586 1022 3661 alie·

133 3712 202 3765 um
228 3713 289 3764 e.
361 3728 365 3737 ·
712 3734 715 3743 ·

82 3716 259 3869 ”umnam
270 3796 415 3888 Auaiyfis
432 3793 584 3873 Tom.X!.
615 3867 626 3893 ,-
744 3784 776 3865 L
871 3792 907 3864 ὁ.
926 3776 1025 3878 „V0·
