2400 4380
70 226 72 237 '
132 154 467 321 dtnmcinnen.
489 224 733 369 canalii-oret.
774 262 777 271 ·
800 184 929 347 '193⁸'
952 240 956 255 '

69 412 108 489 iio
130 412 246 513 popuii
260 412 355 513 injus
373 408 608 513 indisciplinati
630 410 672 492 ii
684 414 905 517 continuatis,¹

69 512 255 614 disperdam.
273 536 337 589 tos.
363 512 466 590 Num.
495 518 548 589 16.
575 539 606 589 o.
623 538 684 610 45.
699 514 793 591 mult¹
815 534 911 613 ergo,

69 627 237 691 tumaces
252 611 376 706 fugere
391 636 437 687 ne
455 609 558 687 simul
574 613 762 690 vobiscum
778 667 789 701 ,
813 612 904 689 sicut

69 762 92 803 ,,
113 712 274 808 quicum
300 711 421 800 Cone,
449 710 593 786 Dathan
609 711 646 788 dt
664 712 805 789 Abiron
824 713 905 789 fue·

69 825 90 889 tt
118 810 337 895 coadunati,
376 832 564 906 pereamus
591 833 601 885 :
631 813 790 887 maxime
820 832 907 889 cum

68 909 148 1009 »yses
167 909 276 983 etiam
295 909 333 983 in
355 909 459 985 Dent.
483 935 554 1009 cop.
573 932 608 1006 7.
625 936 656 986 n.
675 935 763 1009 2·4.
788 910 906 985 dicat:

68 1010 205 1110 spondis
218 1008 264 1080 od
279 1032 331 1081 eos
347 1012 581 1107 testamentum,
601 1006 697 1105 neque
712 1008 908 1099 misceamini

68 1136 117 1185 nn
131 1105 196 1183 &a
220 1104 259 1181 δι
283 1106 461 1183 Dominus
477 1108 574 1182 dixit
601 1129 663 1204 per
685 1106 835 1206 Moysen
860 1105 908 1181 de

68 1207 177 1283 oabitis
189 1204 226 1280 dt
237 1204 480 1281 Ammonitis:
496 1231 561 1281 non
568 1205 733 1303 salutabis
749 1232 801 1283 cos
838 1206 908 1280 oci-
1000 1244 1004 1251 ·

68 1303 224 1384 nomnibus
240 1303 351 1379 diebus
363 1307 510 1380 vitutum
527 1304 625 1379 Dent.
638 1333 694 1403 23.
711 1332 743 1383 v.
764 1312 798 1384 ό.
811 1233 907 1381 item

67 1432 101 1483 m
117 1401 219 1580 {osne
236 1409 270 1478 o.
287 1430 319 1478 n.
344 1430 413 1478 20·
424 1429 481 1498 25.
499 1403 681 1499 legamus,
706 1407 744 1482 io'
759 1407 906 1483 civitate
914 1409 1041 1503 3on
1071 1406 1087 1477 “,

67 1510 123 1585 inc
144 1527 166 1577 o
187 1503 433 1579 inhabitantes
458 1525 520 1576 ore
543 1505 690 1599 punitos
706 1504 843 1601 gladii,
868 1503 908 1581 δι

67 1628 151 1685 noem
188 1603 366 1677 incensam
390 1602 603 1691 civitatem,
635 1604 817 1699 quomodo
842 1625 907 1700 pu-

67 1704 169 1785 tiinos
181 1702 329 1797 potuiffe
345 1716 466 1777 tecum
486 1702 677 1801 conuenire
697 1726 780 1777 cum
794 1702 910 1777 haere·

67 1800 485 1899 'mquandoquidemplus
500 1810 537 1874 te
553 1813 661 1897 atque
679 1814 762 1877 tuos
778 1800 910 1897 dignos
1002 1860 1005 1865 .
1053 1860 1071 1871 ..

66 1900 328 1981 anathemate
361 1923 470 1998 quam
500 1898 555 1976 illi
577 1898 720 1979 fuerant
741 1898 909 1976 adverte·
971 1912 975 1921 '
1076 1904 1079 1919 ²

66 2025 140 2081 uus.
938 2070 943 2079 .

77 2128 102 2198 3.
118 2152 140 2190 ,,
172 2098 332 2176 uomodo
356 2108 590 2196 potueramus
614 2096 802 2176 vobiscum
822 2116 907 2173 con·
922 2098 1002 2165 Pro·
1061 2093 1070 2105 ''

66 2202 157 2287 mire,
188 2199 333 2296 quando
358 2200 397 2273 in
429 2224 463 2294 3.
489 2198 579 2293 Reg.
617 2225 673 2294 ¹3·
699 2223 790 2296 v.·4.
811 2236 828 2254 ·
851 2182 1025 2281 natium·

66 2300 177 2397 riptum
190 2298 265 2383 est,
290 2321 357 2372 nec
375 2297 505 2372 domos
521 2295 654 2372 vestias
680 2296 748 2373 effe
768 2295 910 2375 calcan-

65 2422 109 2485 ts,
133 2423 199 2473 nec
217 2398 318 2473 cibos
344 2396 523 2471 vobiscum
550 2395 770 2483 sumendos,
795 2414 912 2491 neque

65 2518 141 2593 tuam
155 2496 402 2592 accipiendam
417 2518 438 2568 a
458 2492 595 2589 nobis‘i¹
621 2496 711 2571 ltem
728 2492 914 2592 quomodo

65 2600 184 2674 cimae
197 2619 282 2671 cum
301 2596 375 2668 tuis
391 2593 569 2669 coarianis
588 2596 705 2690 potuit
721 2616 835 2670 conve
862 2592 913 2667 ire
998 2596 1007 2615 '

65 2695 219 2773 nistianis
237 2718 254 2784 ,’
273 2693 417 2790 quando
435 2694 482 2766 ad
500 2691 668 2790 Joiaphat
692 2716 812 2789 regem
837 2617 896 2765 im
924 2678 1094 2777 Hastam

65 2796 150 2872 itum
174 2794 255 2869 inec
285 2791 408 2867 dixiiie
426 2802 553 2865 cernas
572 2844 583 2882 ‚
608 2813 673 2868 cur
688 2789 817 2869 Achab
835 2791 915 2865 ido·

64 2895 179 2970 {attam
196 2895 233 2967 in
251 2892 430 2967 amicitias
447 2892 625 2986 acceperit
642 2889 662 2965 2
695 2915 759 2966 cur
777 2892 825 2965 ad
841 2889 918 2965 bel·

64 3018 88 3067 n
104 3016 188 3069 cum
198 2991 343 3067 Domini
354 2990 553 3086 processerit
562 2988 739 3065 inimico?
752 3016 786 3065 2.
796 2988 917 3066 Parni.

64 3118 124 3168 .v.
151 3118 185 3169 n.
238 3086 428 3176 Quomodo
447 3101 569 3164 tecum
589 3113 632 3163 ac
654 3112 737 3165 cum
755 3088 830 3165 tuis
853 3112 919 3185 po·

64 3186 211 3266 t'nobis
238 3188 458 3273 convenire,
491 3211 574 3263 cum
599 3186 653 3261 isti
679 3186 758 3263 Deo
784 3189 919 3263 devoto

64 3292 112 3383 i,
141 3312 224 3365 cum
242 3287 413 3363 Ochoziae
431 3288 506 3380 regi
523 3286 628 3361 lsrael
643 3285 786 3381 juniius
804 3286 921 3361 fimet

68 3389 274 3476 amicitiis,
297 3386 407 3460 fuerit
434 3407 498 3480 per
520 3384 739 3481 Prophetam
759 3386 923 3480 increpa·

63 3513 86 3562 n
109 3512 136 3561 a
154 3486 257 3559 Deo:
281 3488 316 3558 in
337 3511 373 3558 eo
395 3485 481 3579 qnod
499 3488 735 3585 communicasti
756 3482 922 3571 Uticam,
1019 3520 1023 3533 ·

63 3588 174 3684 fregit
189 3583 353 3659 Dominus
372 3607 503 3680 opernm
518 3595 619 3657 tuom.
640 3580 845 3680 oss‘Parniip.
864 3606 924 3658 20.

63 3699 117 3779 ψ.
144 3711 206 3781 37.
259 3683 452 3769 Quomodo
488 3696 722 3778 potueramus
748 3698 925 3757 noscunt

63 3796 165 3893 :irunt
174 3797 320 3885 Artniyfis
334 3793 486 3879 Tole,
513 3866 529 3883 A
642 3780 676 3863 N
788 3776 926 3879 „fimus
