2400 4380
45 180 51 203 ¹
123 244 132 276 ,
225 205 324 297 ,ἴοι
414 112 449 235 ’«
519 170 563 259 S.
581 166 781 286 Ephraem
803 144 906 283 Syri

179 392 184 401 κ
226 365 478 460 .,‚fregernnt:
504 351 652 455 sagittas
678 376 784 433 meaa
806 364 978 441 acutas,
1011 374 1101 450 ¹quaa
1115 354 1157 438 ai·
1194 432 1198 456 ,

237 462 387 557 „versos
407 481 472 536 eos
492 458 705 556 torquebam
725 506 752 561 ⁹..
767 452 842 553 ipsu.
862 472 1110 553 acceperunt,
1134 463 1158 541 dr
1196 462 1198 549 ᾖ

239 585 326 655 „me
341 562 389 638 iis
414 558 635 635 occiderunt.
687 554 768 651 Ego
789 552 948 631 diversas
978 576 1048 627 eos
1069 556 1158 653 paffir·
1196 565 1198 571 ’

225 659 375 753 „nibus
391 657 665 756 oppugnabam,
693 653 757 754 ipst
785 675 878 732 vero
906 654 1054 730 virtute
1076 661 1159 737 cruri
1195 683 1198 755 ς

240 782 329 851 „me
348 758 387 834 in
414 758 540 853 fugam
559 766 758 832 verterunt
777 808 784 815 -
804 753 953 831 Merito
978 753 1091 849 igitur
1107 755 1159 836 bna

240 858 386 956 „patior
400 851 699 955 insrpieutiffimus
715 873 810 950 ego:
838 853 1048 951 oportebat
1061 858 1160 955 quippe

240 980 329 1047 „me
353 954 475 1041 noiie,
506 956 693 1051 quomodo
716 954 836 1028 omnis
861 976 955 1030 mea
978 955 1161 1050 potentior
1192 1016 1198 1062 5

241 1053 410 1145 „Christo
426 1051 599 1129 destrutia
616 1045 694 1141 est,
721 1052 846 1128 omniu
868 1052 980 1129 enim
1002 1064 1089 1129 tunc
1105 1054 1163 1153 egi.

126 1228 136 1239 ,
172 1162 180 1175 ’
239 1169 309 1244 „ut
334 1151 406 1250 ipse
423 1151 719 1247 crucifigeretur.
743 1150 782 1229 &
805 1174 911 1229 mors
942 1151 1052 1227 iilius
1079 1156 1161 1233 motti

230 1310 233 1315 -
240 1275 325 1343 „me
340 1252 500 1328 tradidit
532 1252 634 1328 ldern
651 1249 772 1328 rursus
795 1250 835 1329 in
859 1250 1162 1353 Martynbusejn

87 1373 109 1437 “,
227 1344 442 1441 '„iimiliter
454 1350 570 1450 patius
585 1350 689 1439 sum,
716 1350 930 1429 &ludibrio
952 1350 1094 1427 cunttia
1107 1352 1162 1431 iun

240 1447 443 1540 „effeetust
470 1450 653 1527 commovi
675 1470 780 1547 reges
806 1451 848 1529 in
873 1448 981 1547 ipsos
1008 1448 1050 1527 dt
1069 1452 1162 1549 parat
1195 1524 1198 1537 ,

239 1562 481 1640 „tormenta‚
512 1563 554 1627 ut
577 1550 623 1626 iis
656 1546 1162 1648 visrs'perhorreicerent,dt
1196 1550 1198 1561 '

145 1740 149 1747 Ι
240 1648 449 1740 „Christum
473 1647 714 1747 abnegarent,
737 1648 854 1726 atilli
878 1648 1098 1751 non-solum
1110 1676 1162 1737 nar
1195 1728 1198 1746 ⁴

240 1747 348 1838 „sunt
371 1749 561 1835 deterriti,
585 1771 711 1825 verum
735 1749 846 1825 etiam
865 1746 917 1825 ad
936 1754 1101 1839 mortem
1120 1770 1163 1828 ut·
1196 1756 1198 1765 ‘

230 1869 337 1944 „que
352 1846 531 1924 Christum
548 1847 630 1924 sunt
647 1846 813 1938 consedi,
836 1847 885 1923 stc
911 1871 1068 1946 quoque
1091 1870 1162 1929 naut
1192 1828 1198 1947 J

240 1947 374 2039 „bellis
391 1971 454 2023 eos
475 1946 639 2067 superare
653 1948 801 2043 uolens,
827 1948 951 2064 uittas
966 1948 1091 2027 abeis
1106 1974 1162 2041 rua·

238 2046 625 2242 :trtitittttittss
636 2046 1060 2244 attiadtbrttt
1080 2070 1160 2223 'tit
1174 2114 1198 2256 ‚t

238 2268 351 2335 „uam
379 2246 537 2327 vitrariae
570 2260 814 2344 acceperunt.
846 2268 920 2343 ego
953 2266 1046 2322 vero
1080 2244 1198 2355 misti

61 2324 90 2369 ³
237 2344 499 2439 „ignominiam
514 2346 644 2432 retuli,
661 2347 699 2422 dt
715 2347 849 2422 defecit
861 2348 991 2427 omnis
1006 2344 1155 2427 fortitudo
1175 2387 1198 2453 ab

238 2467 358 2536 „mea
409 2443 469 2520 Ab
488 2445 548 2520 his
572 2468 659 2540 ergo
680 2446 828 2522 strenuis
851 2446 1076 2544 profugiens
1099 2450 1198 2553 atbpj

180 2614 184 2621 .
239 2542 351 2634 „letis
370 2546 416 2617 ad
433 2545 570 2619 amicos
587 2545 694 2620 abibo
709 2568 812 2620 meos
830 2599 842 2633 ,
865 2547 935 2643 qui
952 2548 992 2622 in
1009 2546 1074 2624 suo
1097 2550 1154 2626 vitt
1176 2586 1197 2653 „a

107 2700 111 2705 .
237 2642 427 2732 „instituto
445 2646 581 2720 inertes
605 2643 713 2731 suut,
746 2647 808 2719 ubi
824 2670 899 2722 uon
921 2648 996 2722 erit
1014 2649 1104 2723 mihi
1122 2651 1153 2724 it·
1177 2685 1198 2752 „r

234 2741 356 2842 ‚,bor,
379 2765 495 2839 neque
515 2743 818 2819 machinamentis
838 2764 964 2841 apua,
991 2768 1081 2822 narn
1102 2746 1151 2823 riu·
1178 2776 1198 2852 „t

235 2840 346 2932 „cula
367 2843 413 2916 ab
437 2844 483 2917 iis
513 2843 724 2940 accipiens,
756 2843 887 2918 iisdem
914 2864 985 2918 eos
1012 2844 1151 2922 couttriu
1179 2885 1198 2951 p

119 2996 126 3013 ,
236 2957 374 3033 „gama
396 2940 514 3036 ligans
536 2964 642 3036 porro
658 2962 723 3016 eos
746 2943 902 3017 vinculis
924 2997 936 3031 ‚
964 2940 1149 3045 quibutipi
1186 3014 1191 3046 ‚

235 3037 507 3130 „deleftantun
532 3041 693 3117 subditos
718 3066 783 3116 eos
806 3043 985 3138 deinceps
1015 3044 1148 3133 habeta.
1180 3064 1198 3149 „t

233 3135 414 3227 „libenter
438 3140 663 3216 voluntatem
679 3163 799 3217 meam
826 3140 970 3239 semper
999 3144 1148 3219 facientes
1181 3184 1198 3249 „2

231 3250 303 3326 „ut
341 3236 466 3314 saltem
497 3239 579 3336 ipsu
611 3240 760 3315 devitiis
791 3261 991 3338 parumper
1024 3244 1072 3317 ad
1095 3266 1149 3319 me·

82 3338 87 3353 “
228 3335 369 3431 „ipsum
384 3352 572 3429 revertar,
592 3336 630 3414 dt
654 3339 700 3413 de
717 3338 771 3412 eis
793 3353 988 3436 tamquam
1012 3341 1149 3417 strenuae

225 3435 364 3525 „vittor
399 3437 552 3533 glorier,
596 3435 634 3513 dt
668 3438 755 3514 iicet
787 3436 849 3536 ipii
880 3440 987 3515 malo
1026 3441 1149 3516 vivendi

223 3528 415 3624 „instituto
447 3538 484 3612 iu
513 3538 724 3633 barathrum
758 3555 961 3629 corruant,
1008 3550 1165 3617 attamen.

223 3652 322 3732 „ego
354 3635 393 3713 in
417 3658 545 3716 cutum
576 3638 779 3738 perditione
808 3640 988 3736 gaudeo,
1042 3654 1083 3716 ut
1109 3639 1149 3754 ¹so·

863 3802 867 3813 ,
932 3797 936 3803 .
1058 3758 1150 3836 „crat

1182 3286 1198 3351 „i
