2400 4380
151 285 154 293 .
255 330 258 335 ‚
390 197 651 339 uilior-fx
858 220 962 321 385

56 404 133 468 ium
152 386 380 486 derelinquas
403 440 416 479 ‚
449 387 487 466 δι
510 388 597 467 licet
614 387 748 466 nolitia
771 410 853 467 mea
878 392 947 469 sinc

56 489 190 587 gravia,
215 488 399 567 tutamen
422 487 582 565 clemens
604 490 744 565 nullum
771 490 946 568 amiseri-

56 589 169 666 :ordia
184 590 248 664 tua
268 587 412 688 repellis
431 640 443 677 ,
466 588 527 664 sed
542 599 750 686 peccatores
765 591 946 687 expectas,

56 702 88 763 ut
102 689 262 784 redeant.
281 687 433 764 Ostende
452 686 562 783 igitur
587 688 624 763 in
641 711 702 763 me
716 688 947 769 clementiam
1052 710 1054 721 '

56 797 176 863 tuam:
202 786 335 864 scelera
351 809 433 863 mea
448 776 521 864 hon
540 785 717 874 defendo,
748 785 809 862 sed
825 812 948 869 coram
1082 826 1091 857 r

56 896 88 961 te
105 885 297 976 confiteor,
312 886 474 984 displicet
488 887 598 974 mihi,
616 888 713 983 quod
725 886 949 982 najestatem

56 995 154 1060 tuam
176 983 337 1062 offendi:
365 986 498 1061 exaudi
524 1008 651 1066 vocem
680 988 877 1083 peccatoris
902 989 951 1065 ad

56 1095 87 1159 te
107 1083 298 1163 clamantis
318 1108 326 1160 :
350 1086 521 1183 peccavi,
553 1084 654 1159 Deus
671 1085 835 1161 miserere
857 1089 960 1175 mei*

56 1182 224 1281 propitius
271 1185 343 1260 esto
370 1183 474 1261 ‘mihi
519 1185 712 1284 peccatori.
762 1185 951 1262 Memento

56 1280 228 1375 Domine,
244 1286 328 1381 quia
343 1296 439 1359 terra
459 1283 563 1373 ium,
588 1284 672 1378 quia
695 1282 814 1382 pulvis
843 1283 880 1360 &
903 1287 955 1361 ci·

56 1381 227 1459 nissum:
266 1384 363 1481 aperi
390 1381 481 1459 mihi
517 1406 666 1458 manum
693 1395 822 1458 mam:
849 1406 957 1480 paroc
1043 1434 1048 1449 ι

56 1479 161 1555 malis
183 1483 301 1568 meis,
328 1504 433 1580 parce
455 1482 688 1572 criminibus,
713 1480 861 1577 indulge
884 1482 957 1558 ice-
1023 1531 1026 1535 -

56 1572 200 1656 letibus.
250 1582 346 1657 Sana
364 1582 522 1656 animam
536 1604 684 1671 meam„
702 1583 785 1677 quia
810 1582 957 1678 peccavi
1057 1642 1064 1662 r

56 1677 144 1764 tibi,
169 1679 236 1755 tibi
252 1681 429 1777 inquam,
453 1701 561 1776 quem
580 1681 685 1756 decet
704 1679 823 1755 omnis
842 1682 958 1759 honor

56 1776 224 1875 &gloria
241 1780 280 1855 in
303 1778 432 1856 saecula
446 1778 671 1857 saeculorum.
703 1779 837 1856 Amen.
1012 1837 1018 1844 a

362 2008 391 2085 S
416 2009 449 2084 E
472 2008 506 2082 R
530 2008 571 2083 M
595 2007 627 2083 0
1056 2035 1060 2049 ·

56 2155 206 2277 'aiilon
243 2164 345 2257 &de
364 2138 599 2249 continentia
623 2187 666 2248 oc
688 2163 824 2247 aenon
838 2133 966 2281 aemu‘f'
1047 2267 1050 2273 ¹

89 2288 212 2364 iendis
230 2287 473 2388 peccatoribus,
499 2287 609 2387 quise
626 2292 779 2387 temporis
797 2314 890 2391 pru·

232 2413 324 2478 textu
342 2402 517 2502 defendunt
542 2400 584 2484 Θ
598 2401 763 2502 excusant.
788 2471 791 2477 .

56 2573 146 2705 ψη
172 2570 377 2660 laudatur,
415 2571 512 2669 quod
536 2571 574 2647 in
606 2582 708 2648 tanta
733 2584 965 2671 peccatorum
1073 2550 1093 2597 *¹
1121 2596 1154 2639 π

123 2672 357 2747 multitudine
373 2672 410 2747 in
426 2673 521 2747 bono
541 2668 820 2767 perseveraverit
838 2676 967 2762 „novi-

56 2770 285 2858 musenim,
318 2772 370 2846 ait
392 2771 430 2846 S.
459 2768 659 2867 Ephraem,
684 2770 781 2866 quali
803 2785 966 2870 tempore

56 2868 143 2952 Noe
158 2870 335 2966 placuerit
353 2870 468 2958 Deo,
501 2880 589 2943 ωηο
621 2868 786 2959 scilicet,
820 2874 967 2968 quaudo
1104 2926 1107 2931 -
1149 2888 1152 2894 ’

56 2967 179 3050 multa
201 2969 340 3044 malitia
371 2981 449 3044 erat
473 2967 511 3043 in
535 2980 633 3043 terra
661 2967 744 3045 Gen.
763 2975 796 3046 ό.
821 2972 968 3067 quando

56 3068 310 3164 unusquisque
326 3067 510 3163 cogitabat
524 3064 716 3161 diligenter
728 3069 766 3143 in
778 3069 886 3143 corde
905 3069 968 3147 suo
1091 3063 1116 3073 ⁶
1144 3140 1148 3149 ,

56 3167 168 3263 ‚super
188 3166 346 3262 maligna
372 3166 507 3242 cuncis
529 3165 686 3253 diebus,
712 3178 800 3242 tunc
816 3167 896 3243 Noe
913 3170 969 3245 in·
1097 3187 1101 3192 ·

56 3266 164 3351 ‚venit
178 3266 333 3360 gratiam
351 3288 472 3340 coram
493 3254 651 3366 Domino
662 3264 764 3357 Deo,
789 3279 875 3341 tunc
892 3268 986 3365 pla-⁴

56 3364 142 3451 ‚cuit
162 3365 271 3448 Deo,
305 3365 450 3461 quando
474 3375 641 3459 corrupta
662 3364 710 3439 est
729 3378 824 3441 terra
851 3366 889 3441 δι
914 3388 972 3443 re·

56 3462 163 3559 ‚pieta
196 3463 410 3558 iniquitate,
436 3485 522 3537 nam
545 3473 632 3537 tunc
650 3461 765 3561 juiius
791 3465 850 3539 hic
875 3464 972 3547 mala
1104 3492 1107 3499 ·

56 3560 130 3651 ‚illa
153 3564 404 3660 contemplans
430 3574 638 3658 peccatores
662 3561 820 3659 ‘quidem
847 3562 972 3652 luxit,

56 3661 102 3752 ,ie
117 3674 242 3771 autem
261 3663 378 3760 magis
407 3660 445 3737 in
467 3659 655 3737 voluntate
677 3661 860 3747 Creatoris
886 3687 973 3741 con·
1043 3680 1046 3685 '
1088 3728 1094 3737 .
1135 3662 1154 3741 '.

484 3756 605 3854 005
748 3850 750 3855 Ι
826 3759 973 3853 „firmae
1072 3882 1077 3887 ·
