2400 4380
242 128 247 151 r
464 130 467 137 ¹
568 116 572 128 '
753 124 757 161 p
1036 136 1064 157 ,-

233 226 339 338 '576
534 215 578 309 S·
595 200 791 331 Ephraim
813 212 910 329 Syri
955 230 960 239 ·
1003 248 1024 291 ι,
1065 277 1068 281 .

256 406 380 501 „scena
396 412 709 498 computruerunt;
734 398 788 491 iui
797 399 1057 475 assentatorum
1072 417 1116 471 en

49 516 54 523 '
173 504 175 513 *
257 502 415 599 „sedutti
438 502 549 590 sunt,
581 523 641 574 me
666 510 793 591 autem·
814 518 924 574 nemo
950 496 1104 571 seduxit

54 630 58 637 ·
166 612 173 623 ‘
258 602 418 700 „meipso
451 600 707 675 contumeliam
736 597 907 673 adversus
940 596 1064 671 Deum
1092 618 1116 669 o

258 704 390 794 „tavi,
428 698 465 775 dt
498 700 609 774 solum
652 697 839 772 diabolum
872 696 1012 771 socium
1045 692 1116 767 hah

258 820 413 895 „vereor
436 794 592 877 nemini
616 795 704 872 ficut
728 797 785 871 illi
807 794 899 870 adfrt
913 796 1116 893 impoeniten

133 980 136 985 ,
259 899 405 993 „Unam
426 897 519 972 hanc
536 898 803 971 excusationem
821 897 962 983 habeo,
988 893 1087 990 quod
1108 905 1116 966 t

93 1046 95 1050 -
259 999 460 1091 „tationem
491 996 553 1069 ille
578 995 667 1071 mihi
693 995 920 1091 suggesserit:
967 992 1034 1066 -sed
1074 1016 1116 1065 no

127 1174 131 1179 ,
257 1098 431 1193 „Adamo
456 1096 536 1169 haec
553 1093 688 1192 profuit
704 1095 899 1170 excusatio.
925 1093 1022 1178 Quin
1040 1088 1077 1165 dt
1093 1115 1116 1165 n

42 1206 47 1221 '
259 1195 406 1290 „adhuc
433 1194 557 1268 multis
580 1195 616 1268 in
638 1195 789 1269 sordidis
814 1191 932 1268 versor
961 1191 1116 1286 cogitarit

259 1295 354 1387 „bus
373 1346 383 1374 .
408 1293 446 1366 iu
463 1292 577 1369 livore
596 1345 607 1379 ,
633 1294 790 1379 invidia,
809 1289 1094 1374 malevolentia,
1111 1290 1116 1365 i

149 1384 157 1403 ¹
259 1391 445 1487 „condiat
472 1391 557 1487 gula
578 1391 615 1467 dc
640 1392 808 1477 coeteris,
834 1391 872 1466 dt
890 1413 974 1464 cum
998 1386 1116 1462 nihili

259 1515 346 1584 „me
363 1503 484 1564 tamen
504 1491 639 1588 aliquid
661 1491 727 1565 effe
742 1504 893 1587 reputo:
919 1490 1077 1563 mendax
1092 1487 1116 1560 io

260 1580 325 1682 ‚‘,&
340 1588 531 1689 mendaces
548 1591 770 1686 reprehendo
787 1613 797 1683 3
822 1603 943 1664 mente
963 1585 1114 1660 sordidus

246 1686 470 1780 „uidinosos
486 1687 656 1781 inseiior3
675 1691 710 1763 in
728 1688 883 1763 Ecclesia
899 1691 1054 1784 primum
1066 1685 1116 1759 lon

262 1809 427 1882 „occupo
438 1808 456 1873 ‚⁸
468 1811 551 1862 cum
568 1814 613 1863 ne
630 1786 843 1885 postremum
868 1787 1016 1883 quidem
1040 1804 1116 1859 men

37 1968 41 1975 ,
84 1962 89 1969 ,
164 1934 177 1957 2
262 1886 461 1978 „Faeminis
478 1887 591 1961 videri
608 1887 899 1982 volo-gratiosus,
915 1883 1116 1981 divitibusp‘

179 2008 184 2019 ·
264 1985 490 2079 „hospitibus
525 1986 678 2082 gravis,
717 1987 919 2063 domesticis
947 1985 1116 2083 prudens:

257 2086 510 2175 =,‚c0ntume1ia
549 2083 712 2169 afficiar,
754 2087 902 2160 ulciscor
936 2138 947 2171 ‚
987 2104 1116 2156 veron

262 2184 451 2275 „dicentes
472 2184 642 2258 inimicos
657 2184 817 2259 existimo
829 2238 838 2270 ,
850 2179 1116 2280 reprehensusae

263 2282 397 2454 ”lf.⁰¹⁰.’
422 2283 586 2357 laborare
604 2307 688 2358 cum
703 2284 784 2359 aliis
804 2285 902 2373 nolo.
939 2284 988 2357 Et
1005 2280 1051 2358 fic
1069 2283 1108 2354 de

261 2434 287 2472 ,‚
304 2403 409 2478 rqurs.
674 2454 678 2463 ,
772 2450 774 2457 ,

44 2540 48 2545 -
86 2495 248 2581 Cogitatio
268 2568 277 2577 ,
336 2486 372 2555 ὁ.
402 2479 520 2561 „Haec
530 2502 610 2553 mea
629 2478 677 2553 est
689 2480 760 2555 vita
778 2480 927 2565 fratres,
946 2479 1008 2552 issa
1023 2475 1116 2551 meai

82 2600 136 2643 m
150 2578 238 2643 male
265 2578 449 2669 „delium
475 2577 690 2666 fiadversus,
714 2593 853 2655 tantam
873 2596 1116 2678 peccatorum*

83 2662 205 2747 W&
264 2678 374 2771 „bam
398 2677 599 2751 succurrere
623 2679 712 2752 mihi
729 2679 901 2775 potestis,
935 2681 1116 2752 meriton

41 2804 46 2808 ·
75 2746 213 2896 m*
267 2777 437 2870 „rammi
500 2776 573 2850 Sed
601 2775 694 2851 forte
719 2780 873 2853 dicetis:
908 2802 980 2851 non
1006 2788 1116 2870 oporte

264 2878 341 2966 ‚ira
366 2875 473 2957 anxie
488 2875 531 2951 dt
557 2880 723 2950 accurrite
748 2879 807 2951 hic
834 2879 880 2979 de
913 2875 1116 2970 cogitationi

262 2975 463 3066 „differere
515 2974 649 3050 Verum
669 3000 714 3048 ex
731 2977 852 3050 diviua
869 2975 1054 3070 Scriptura
1077 2973 1116 3046 de

261 3074 386 3164 „libus
406 3073 726 3149 demonstrationes
745 3077 848 3149 vobis
865 3076 1071 3170 producam.
1098 3070 1116 3144 C

262 3175 393 3263 „rebat
409 3171 580 3251 sacrificia
596 3173 662 3272 Job
673 3195 735 3270 pro
753 3173 836 3249 filiis
856 3173 926 3247 suis
938 3227 947 3261 ,
961 3168 1116 3266 nequidl

228 3269 376 3359 ·‚‚mali
410 3271 649 3364 cogitaverint
681 3274 718 3347 in
752 3274 919 3347 cordibus
956 3273 1027 3345 suis
1050 3267 1116 3372 Joi

259 3369 459 3468 ,‚Damnati
481 3393 625 3466 quoque
641 3370 788 3445 fuerunt
805 3371 858 3446 illi
877 3424 887 3458 ,
916 3375 977 3466 qui
992 3373 1032 3449 in
1049 3392 1116 3458 conr

258 3470 433 3561 „gatione
452 3469 546 3542 Core
565 3470 661 3544 male
687 3471 891 3563 cogitantes
913 3467 1116 3543 combustii

257 3564 390 3656 „Num
408 3573 464 3642 ro.
496 3566 585 3643 Item
605 3593 651 3640 ex
676 3569 843 3643 consensu
870 3568 1085 3643 adulterium
1098 3563 1116 3660 ji

255 3679 344 3756 „cat
370 3665 548 3769 Domiuup
568 3666 696 3746 Macra.
720 3696 766 3768 5.Ι
789 3668 827 3744 &
846 3667 985 3745 Paulus
1002 3668 1116 3837 aitbp

988 3842 991 3851 ,
1035 3818 1061 3859 n
