2400 4380
15 136 18 151 ι
122 154 126 168 ι
199 164 222 193 Γ
273 192 277 199 ¹
435 128 491 214 s..
549 122 565 141 ·'
810 140 821 183 Ι,
915 194 920 209 Ι

28 336 32 357 ,
147 230 310 359 ssu.
467 218 865 353 saporantur*

187 418 458 523 ‚‚procuicavit‚
472 414 719 520 dt'praeclaras
735 419 912 497 adversus
926 439 1003 515 acgy

20 558 41 609 ῃ
70 598 82 607 ,.
188 523 411 614 „Dominam
431 520 531 598 suam
554 521 711 597 vitioriae
726 541 885 596 coronas
901 520 1003 594 retuli

59 636 62 641 '
189 621 387 723 „Salvator
400 621 516 698 noster
529 621 577 696 ad
589 619 740 696 claustra
754 617 1003 695 descendensi

189 744 365 812 „omnem
395 724 594 821 potentiam
635 719 725 794 dirae
764 720 899 795 mortis
935 717 1003 793 deii

19 886 51 915 ,s
112 830 116 839 '
190 820 397 910 „Quoniam
414 831 603 917 peccatum
622 818 808 895 devicerat
822 816 974 917 Joseph‚
990 818 1002 894 i

190 940 299 1012 „cere
319 920 505 1011 conclusus
521 919 725 1005 detinetur,
739 918 857 993 donec
872 931 1003 1014 tempu

189 1017 394 1113 „cipiendae
412 1038 557 1095 coronae
572 1015 780 1109 adveniret,
795 1019 848 1094 ita
866 1019 977 1092 etiam
993 1017 1003 1090 l

189 1122 310 1208 „nus',
343 1127 385 1192 ut
406 1118 529 1194 omnia
555 1131 705 1214 peccata
727 1117 856 1194 mundi
882 1116 1003 1190 tollere

188 1229 454 1307 „monumento
476 1217 673 1315 reponitur.
722 1214 1003 1314 joseph-biennii

188 1337 285 1412 „pus
314 1316 355 1391 iu
385 1338 529 1393 carcere
561 1315 740 1410 transegit
768 1337 902 1410 magna
937 1314 987 1389 ibi

189 1413 397 1510 „quillitate
420 1415 603 1502 uersatus,
624 1412 707 1490 Gen.
723 1438 783 1513 37.
807 1413 1003 1488 Dominusr

36 1590 40 1603 ,
172 1512 376 1603 ..triduum
393 1503 431 1591 i‘n
451 1513 594 1591 inferno
610 1509 767 1602 mansu,
789 1513 882 1587 nulli
899 1534 1003 1607 cortu]

188 1612 407 1703 „obnoxius
433 1676 435 1681 .
452 1613 580 1714 Joseph
595 1618 644 1688 ex
659 1634 802 1687 carcere
813 1610 905 1708 juffu
921 1611 1003 1686 Phar

186 1712 357 1809 „placide
379 1712 547 1789 educitur
563 1738 584 1809 ,ι
612 1723 800 1808 tamquam
823 1710 943 1785 fidelis
965 1710 1003 1785 so:

186 1816 296 1902 „rum
320 1813 497 1910 interpres
532 1834 577 1887 ac
605 1811 740 1887 futurae
770 1811 918 1905 frugum
942 1809 1003 1885 uba

185 1910 430 2002 „vaticinator
445 1935 455 1986 τ
480 1909 535 1987 At
551 1910 730 1987 Dominus
745 1909 862 1985 noster
878 1909 1003 2006 propri:

86 2068 89 2073 .
185 2023 292 2100 „tute
312 2010 529 2090 exmortuis
545 2009 725 2099 surrexit,
746 2008 969 2106 direptisque
986 2009 1003 2083 'u

184 2108 333 2207 „spoliis
350 2109 504 2185 nostram
514 2110 613 2186 Patri
630 2110 692 2185 iuo
707 2107 1003 2184 reconciliationer

184 2208 319 2299 „tulin
341 2208 631 2286 resurrectionem
648 2207 686 2284 dc
705 2208 817 2284 vitam
835 2219 1003 2283 aeternam

182 2307 349 2399 „dicans
416 2306 544 2407 Joseph
596 2317 744 2404 accepta
790 2306 966 2405 potestate

181 2407 413 2505 „AEgyptum
434 2409 473 2484 iu
489 2427 597 2484 curru
619 2407 819 2483 Pharaonis
838 2404 1003 2481 sedebat:

182 2519 316 2596 „vator
330 2505 457 2580 'noster
486 2506 526 2581 in
554 2506 675 2580 lucida
700 2504 796 2582 nube
828 2504 962 2581 coelum
991 2527 1003 2578 a

180 2605 326 2696 „dens,
355 2605 454 2683 sedet
469 2604 518 2681 ad
534 2605 722 2686 dexteram
738 2605 868 2680 Patris.
913 2606 1002 2679 Cum

134 2736 136 2741 ·
181 2705 247 2795 „in
264 2703 427 2801 AEgypto
441 2703 518 2800 jam
534 2717 700 2799 regnaret
717 2703 867 2804 Joseph,
883 2699 1003 2778 adduu

180 2803 336 2893 „fratms
365 2802 474 2900 ipfius
502 2825 625 2878 coram
660 2804 832 2878 tribunali
862 2800 1003 2900 ejus,‹

177 2903 315 2994 ‚amorii
332 2900 573 2988 addixerunt,
597 2903 860 2998 prociduntque
883 2901 1003 2976 tremei

176 3022 327 3092 „coram
344 3024 409 3091 eo,
431 3022 540 3100 quem
557 3022 707 3095 regnare
723 3001 825 3098 super
844 2999 1003 3075 sencino

131 3150 146 3167 „
173 3098 332 3197 ..Joseph
347 3104 433 3174 v‘cro
450 3100 584 3197 agnitis
599 3100 772 3176 fratribus
794 3098 867 3176 suis
892 3099 1003 3174 demor

174 3199 258 3289 „vit
268 3196 568 3284 eoshomicidas,
585 3198 647 3296 qui
663 3197 799 3276 confusi
809 3212 1003 3296 peccatum]

172 3308 325 3393 „aperte
341 3298 655 3395 recognoscebant.
708 3296 762 3373 Ita
778 3296 817 3374 dt
829 3300 867 3374 io
884 3299 943 3372 die
959 3296 1003 3371 iu

169 3397 332 3487 „menda
355 3399 500 3494 quando
523 3399 665 3476 venerit
686 3396 867 3471 Dominus
885 3396 922 3471 in
950 3395 1003 3470 nui

167 3495 291 3591 „acris
307 3495 536 3575 adducentur
569 3496 677 3574 vindi
702 3517 827 3572 coram
858 3495 1003 3594 ipfiust

165 3593 269 3680 „nali
291 3618 419 3670 omnes
445 3597 582 3672 inimici
596 3594 703 3691 ejus,
727 3595 791 3689 qui
806 3618 893 3670 eum
917 3608 1003 3689 tamo

164 3689 314 3784 „Deum
326 3693 440 3793 'super
455 3695 490 3770 se
515 3717 666 3793 regnare
691 3693 889 3776 noluerunt
904 3717 915 3768 ,ε
951 3693 996 3766 Et

934 3791 1003 3889 'DJ‘
