2400 4380
188 136 197 165 ,ι
322 124 330 166 (
467 106 470 117 “

282 176 330 245 ’
369 212 412 303 Τ
405 214 590 304 tollatur.
658 224 669 293 '·
850 238 970 346 3⁹79}¹

66 399 108 492 ri
129 396 276 487 chuliae
300 372 415 476 salvat
440 402 616 479 charitate
640 401 702 478 sua
729 402 767 481 io
798 405 938 482 Christo
1032 408 1037 418 “

66 499 114 578 asu
138 500 185 577 D.
208 498 254 577 N.
280 523 365 577 cum
390 525 461 598 quo
484 503 583 578 Patri
605 527 677 578 una
700 507 956 604 cum'S.'Spi·-

66 612 105 677 tu
129 599 307 697 gloria&
335 601 452 681 honor
479 601 517 681 in
537 602 685 719 'saecpla
710 602 935 685 saeculorum.

66 722 167 781 men.
333 732 336 739 ·
637 718 641 727 “
706 734 708 739 ’

284 840 360 918 nu
392 801 653 947 vraauhu

66 984 135 1065 au
185 984 486 1068 uovrrruu
531 986 874 1067 nouacuuu

211 1170 515 1261 Adhortationes
549 1194 732 1291 quatuor.

291 1398 296 1435 -·
336 1370 592 1484 Prologus.

66 1530 247 1663 )ominus
269 1531 481 1607 mandatum
507 1516 757 1628 dediligendo
784 1531 938 1605 invicem
953 1541 1109 1610 samonis

122 1633 256 1717 „dedit
274 1633 399 1723 nobis3
429 1632 616 1706 charitatis
633 1646 755 1706 autem
774 1652 864 1726 opus
879 1629 940 1719 est,
953 1629 1115 1712 arufiam

66 1728 139 1805 lam
162 1731 347 1806 adhortari
363 1730 517 1806 invicem
536 1731 573 1805 in
590 1732 720 1805 timore
736 1728 815 1804 Dei.
842 1731 939 1816 Quo·
954 1713 1095 1795 ''misi‘'

66 1850 126 1905 am
145 1830 258 1923 igitur
278 1853 300 1904 a
317 1831 594 1926 parvitatemea'
605 1827 803 1904 sermonem
816 1829 942 1907 audire
953 1794 1107 1863 amm
1177 1828 1179 1833 ’

66 1928 209 2025 {petivit
233 1942 298 2003 tua
322 1930 464 2024 pietas,
487 1927 660 2026 meipsum
686 1941 831 2026 propter
855 1929 941 2004 ohe·

66 2027 208 2102 entiam
229 2027 358 2103 Christi
377 2028 552 2102 charitate
569 2043 786 2123 cooperante
802 2030 882 2102 haec
904 2029 942 2103 in

66 2149 127 2201 mc
143 2127 254 2200 retuli
273 2130 584 2202 commentarium.
619 2126 656 2205 A
673 2127 778 2202 nobis
795 2139 941 2214 autem,

66 2225 87 2301 ri
107 2225 205 2301 inter
225 2226 356 2302 fratres
379 2224 582 2314 versamur,
596 2251 669 2301 non
687 2228 939 2322 requiresner-
1049 2318 1052 2324 A

66 2346 160 2398 uum
177 2323 399 2411 artificium,
425 2325 521 2419 quod
539 2351 610 2399 non
635 2326 854 2411 didicimus,
882 2325 940 2400 sed
1002 2353 1006 2359 ·

90 2421 355 2521 simplicitate,
390 2430 472 2518 quae
499 2425 535 2497 in
568 2427 743 2511 charitate
769 2427 834 2500 tibi
861 2424 942 2498 sun't
1046 2507 1049 2513 .
1127 2426 1181 2487 s

66 2523 232 2619 inscripta
262 2546 345 2596 cum
376 2523 552 2597 charitate
576 2526 759 2620 accipito,
790 2523 827 2598 δι
859 2546 942 2620 quae
1071 2541 1079 2556 ‘

66 2622 230 2697 nuitera
252 2622 358 2696 nobis
383 2621 593 2696 denuntiata
614 2621 722 2705 sunt,
749 2621 942 2699 efficaciter

66 2720 165 2796 :hibe
190 2721 274 2808 his,
311 2719 373 2818 qul
404 2734 525 2795 tecum
560 2722 669 2809 sunt,
699 2721 856 2818 illosque
884 2722 941 2796 'ad

66 2819 272 2898 »servandas
291 2819 416 2894 nostrae
434 2821 623 2916 profundae
647 2820 795 2896 inscitiae
816 2823 942 2897 admo·

67 2919 191 2995 tiones
219 2919 393 3004 hortare,
418 2943 464 2992 ne
486 2919 616 2996 fratres
639 2920 677 2996 in
693 2921 856 2997 fraudem
873 2923 946 2998 im·

66 3017 219 3096 ellantur
244 3017 281 3095 δι
304 3017 526 3096 seducantur.
871 3044 874 3049 ·
963 3052 975 3061 ·

262 3212 499 3307 Adhortario
534 3156 695 3306 Prima}
822 3200 825 3205 ¹

75 3373 163 3506 „Si
187 3375 300 3451 vitam
328 3358 522 3454 solitariam
547 3376 585 3450 in
607 3358 730 3451 eremo
752 3374 910 3489 colueris
930 3350 1111 3487 {Exemplo
1155 3370 1165 3385 ‘

174 3474 397 3560 „sanliorum
424 3475 736 3554 Anachoretarum
768 3475 941 3571 spiritales
953 3494 1075 3572 proram
1113 3485 1118 3497 ’

66 3573 317 3650 aercitationes
340 3577 386 3649 ob
415 3576 541 3649 oculos
564 3575 629 3652 tibi
654 3574 854 3659 constitue,
892 3562 940 3647 sm
955 3568 1080 3627 mmm·
1187 3606 1192 3613 ·

66 3686 162 3756 atem
186 3672 226 3754 in
248 3675 411 3757 canobio
431 3675 584 3755 fratrum
601 3667 770 3775 degeris,
798 3672 942 3768 regulae
958 3640 1010 3711 aa,

1055 3760 1061 3769 a

829 3796 942 3868 „con
1067 3792 1070 3796 ·
