2430 4388
149 136 156 161 Ι
292 126 369 329 pro
389 162 664 359 §Athanasio
689 206 856 347 ΕΗΖ.
956 228 1045 318 13»
1073 333 1077 342 y

105 398 350 515 &oquendum
374 398 618 503 defensore&
641 362 881 507 oppressorum
896 400 1039 484 vindice

75 585 83 611 ,
109 499 231 596 »imd-
255 526 312 598 13·
336 525 368 576 v.
394 525 536 598 42·49.
560 523 645 577 nam
671 501 907 583 exclamante
919 501 1041 577 Atinas
1082 608 1085 613 Ι

109 598 235 700 „nulio
261 599 309 674 ad
335 598 454 677 Deum
484 623 610 674 ornnes
635 596 914 691 famulos'suos
938 602 1038 679 Deus
1108 664 1118 691 l

100 698 224 793 ..desit
241 720 308 797 pro
323 702 475 775 veritate
490 721 665 795 exurgere
681 714 805 775 uonna
827 723 893 775 vos
909 698 1038 776 advet-
1081 771 1090 805 ⁶
1149 717 1156 731 ·

113 796 248 893 „arios
265 795 359 874 snos.
408 797 501 872 Haeo
520 797 717 874 cultoribus
734 798 804 873 suis
827 799 927 873 Deus
945 820 1037 896 ptae·

110 896 254 991 „dirim
279 911 322 973 ut
336 894 512 1013 poliemus
534 912 571 972 te
592 897 720 973 falsum
744 900 811 973 elle
834 899 957 973 testem
982 901 1038 974 in·

108 994 330 1091 „redigere
360 1007 398 1069 te
421 1018 534 1072 unum
564 997 610 1070 de
632 998 831 1095 viperarum
853 999 1035 1093 progenie.

103 1093 308 1189 ·‚,Redennt
320 1094 367 1170 ad
381 1092 510 1191 julium
523 1094 755 1193 judicandum
771 1095 946 1191 judicium
960 1096 1040 1191 jam

108 1194 284 1287 mutii,
309 1193 346 1268 in
363 1205 401 1269 te
415 1206 664 1291 retorquerent
679 1198 806 1271 mortis
826 1195 1037 1275 sententiam
1136 1256 1139 1265 .

108 1294 247 1387 „etiam
263 1292 345 1381 illi,
369 1315 461 1390 quos
477 1294 605 1369 inscios
624 1293 683 1369 sna
706 1284 903 1370 sallinltate
920 1308 1037 1391 perte

104 1394 343 1489 „dominator
358 1391 489 1471 anirnae
514 1405 588 1468 tuae
609 1392 775 1479 diabolus
793 1394 1036 1487 circumscrip-
1144 1448 1147 1453 -

107 1492 229 1587 ,serat
242 1514 255 1584 ;
290 1490 463 1587 siquidem
489 1493 607 1567 omnis
633 1493 753 1568 anima
776 1492 972 1568 Christiana
994 1490 1038 1566 fir

106 1611 293 1687 „exorans
315 1590 457 1677 Deum,
480 1602 523 1665 ut
539 1589 627 1666 fient
648 1590 847 1667 Susannam
868 1592 1037 1685 dignetur

106 1687 375 1787 „Athanasium
397 1689 486 1768 sallo
510 1691 645 1787 eripere
667 1691 874 1775 artimino,
897 1693 1036 1786 eripere

77 1788 305 1967 ''RQ‘'
329 1802 394 1865 tuo
422 1788 628 1878 carnificis,
665 1812 687 1864 a
716 1800 779 1865 tua
804 1787 939 1889 saevitia
968 1788 1035 1863 ho·
1064 1828 1068 1845 ·

111 2030 115 2037 ,
178 1992 213 2065 6.
241 1986 451 2077 ,·‚Praeterea
475 1985 592 2063 dlxiiii
616 1984 829 2077 Constanti,
855 1986 1204 2064 “damnarelnauduu

95 2084 381 2173 ...Athanasium
432 2085 505 2163 Sed
528 2108 643 2183 neque
664 2088 721 2161 vel
743 2085 828 2162 illos
851 2086 1100 2185 perversosm
1119 2072 1209 2139 Μ

103 2186 370 2285 „presbyteros
387 2183 615 2260 sanstllsrmus
630 2185 757 2260 Daniel
780 2187 865 2283 quin
880 2188 954 2260 imo
968 2156 1172 2281 parm

103 2284 323 2371 „Danielem
355 2283 513 2380 Spiritus
551 2285 590 2361 S.
630 2286 811 2360 inauditos
848 2287 1033 2363 damnavit

104 2385 225 2483 „Duru
255 2410 309 2479 13·
336 2409 368 2459 rr.
394 2392 533 2479 51·62.
570 2384 617 2458 Et
636 2384 768 2458 idcirco
794 2400 834 2458 tu
851 2409 932 2459 cum
950 2380 1033 2460 'tuis

104 2484 323 2583 „auditurus
340 2505 408 2571 es,
440 2505 521 2580 quae
541 2481 599 2558 illi‘
618 2506 681 2579 per
698 2482 885 2558 Danielem
907 2485 1033 2558 arrdie·

104 2594 238 2671 oront,
264 2580 334 2657 srve
358 2582 443 2679 quia
459 2581 536 2657 salsi
557 2581 716 2657 criminis
731 2580 856 2678 objeili
873 2605 954 2656 reus
973 2582 1033 2671 sis,

105 2682 206 2767 „stre
218 2681 305 2779 quia
316 2681 573 2757 adinnocentis
586 2704 709 2756 necem
720 2703 864 2756 ornnem
879 2682 1031 2756 chorum
1127 2698 1131 2703 ’

56 2792 61 2802 ’
105 2782 344 2867 „invitaveris
378 2780 663 2877 Episcoporum3
700 2783 732 2853 dr
765 2780 847 2877 quin
872 2780 1032 2855 volueris

56 2920 66 2927 ·
105 2904 279 2968 „omnem
297 2880 550 2975 Deipopulum
568 2877 715 2953 haerestn
732 2876 901 2977 suscipere
914 2893 1032 2966 tuam,
1159 2918 1162 2923 ·

104 2982 259 3068 „audies
273 2980 312 3055 dt
328 2982 474 3077 quidem
492 2979 659 3073 gravius,
674 2979 757 3074 quia
774 2993 835 3052 tua
855 2979 933 3053 sunt
950 3000 1031 3073 gra·
1178 3024 1181 3033 ·

56 3110 60 3129 ³
104 3082 234 3170 „viora
263 3080 464 3163 facinora,
498 3081 629 3175 quippe
664 3079 725 3174 qui
751 3076 819 3151 Dei
846 3078 1031 3172 religionis

56 3254 66 3267 „
104 3180 325 3271 „destruunt
344 3179 539 3264 extiteris,
573 3177 634 3273 qui
658 3177 841 3269 ingentem
864 3176 1031 3252 Christia-

104 3302 263 3369 „norum
277 3278 546 3354 multitudinem
565 3276 809 3360 interemeris,
833 3277 893 3372 qui
913 3277 1032 3353 Deum

104 3380 279 3468 „Patrem
299 3379 487 3470 negaveris
514 3397 638 3450 verum
665 3375 808 3449 Patrem
828 3429 839 3459 ‚
863 3378 924 3471 qui
951 3378 1033 3449 uni·

102 3502 217 3571 „cunr
233 3476 312 3575 ejus
331 3477 461 3552 Filium
481 3476 615 3551 dixeris
638 3499 710 3547 non
736 3496 861 3548 verum
886 3476 952 3547 elle
972 3474 1032 3549 Fi·

101 3580 251 3668 „lium‚
276 3576 448 3673 Spiritum
462 3596 605 3672 quoque
621 3572 792 3649 Sanstum
809 3573 1031 3669 paracletum
1045 3568 1050 3580 '

98 3676 382 3773 ‚asseveraveris
396 3700 469 3753 non
485 3673 699 3850 effssrvemm
715 3672 784 3749 Dei
798 3673 984 3847 Spiriturri.

545 3850 547 3855 .
596 3798 618 3869 3
870 3795 905 3874 ἶ·
934 3825 956 3863 rr
976 3784 1030 3848 se·
