2400 4380
263 192 401 303 'Liber
429 216 563 295 catara
580 203 791 297 Arianos,
926 233 983 324 pr
1147 320 1151 329 ¹

10 470 21 495 Ι,
62 382 282 479 ,constitisse
334 386 504 463 Tenenda
529 388 579 491 est,
595 389 705 486 igitur
729 390 877 487 regula,
899 414 983 489 quaa
1048 378 1061 431 ‘

10 488 35 537 -Ἦ
57 486 206 581 ,Filium
225 486 267 561 in
285 485 421 571 Patre,
444 488 588 565 Patrem
608 491 646 564 iu
663 490 691 565 F
691 490 754 567 ilio
770 489 981 570 confitetur:
1063 504 1067 523 '

56 606 162 681 „quae
183 606 304 659 unam
327 586 365 659 in
389 586 529 662 duabus
559 588 721 664 Perionis
755 589 981 673 substantiam
1191 670 1194 679 ,

50 683 522 777 .„scrrans-dispos1tionern
563 685 771 764 Divinitatis
810 688 978 783 agnoscit.
1073 744 1078 761 ,

50 784 136 877 ,stc
152 780 291 859 aliurn
309 780 401 859 Filio
416 785 601 879 Spiritus,
627 785 717 863 srcut
742 811 763 861 a
787 787 892 862 Patre
919 788 980 864 Fi·

46 878 170 975 ,nutz
196 880 249 959 sic
263 883 372 958 tertia
388 884 425 959 in
442 883 605 981 Spiritu,
630 898 673 961 ut
696 887 734 961 in
750 886 841 961 Filio
856 886 979 963 secun·
1111 901 1114 906 ’

44 980 119 1073 „da
134 978 326 1071 Persona,
354 1005 445 1057 unus
464 995 596 1059 tamen
611 983 711 1060 Deus
731 984 879 1073 omnia,
903 999 977 1060 tres

45 1100 190 1173 „unum
217 1078 312 1161 snut.
362 1081 445 1159 Hoc
464 1082 673 1169 credimus,
696 1083 768 1158 hoc
788 1096 976 1171 tenemus,

44 1180 160 1275 „quia
180 1177 256 1255 hoc
273 1181 520 1278 accepimusa
543 1181 759 1279 Prophetis,
780 1182 849 1256 hoc
869 1184 975 1257 nobis

10 1312 17 1326 ·
47 1277 277 1375 ,Evangelia
294 1280 414 1381 locuta
427 1277 526 1365 sunt,
550 1280 621 1357 hoc
636 1279 798 1377 Apostoli
816 1280 971 1357 tradide-

47 1390 183 1471 „runt,
202 1378 275 1453 hoc
296 1381 477 1481 Martyres
489 1376 643 1479 passione
657 1378 799 1457 couseffi
825 1379 915 1455 sunt.

78 1572 1167 1773 astutriumuiratum·aaa

54 1728 141 1875 ’sper
153 1772 237 1849 fidei
251 1774 354 1852 Hosii
374 1798 505 1851 nomen
522 1775 619 1872 quast
636 1775 827 1870 quemdam
844 1774 882 1849 in
904 1794 973 1847 nor
1111 1854 1115 1865 ¹

62 1875 225 1967 ,meum
260 1874 464 1971 temperari
531 1873 605 1950 Sed
637 1874 737 1950 brevi
774 1872 972 1948 admodum

10 1978 20 2011 ³
56 1972 235 2067 „sermone
251 1973 460 2070 respondeo.
508 1972 593 2050 Non
614 1972 727 2069 potest
746 1970 824 2069 ejus
849 1970 971 2061 ansio-
1098 2016 1101 2029 ·

54 2073 183 2165 „ritate
205 2071 404 2169 proscribi,
435 2070 519 2167 quia
539 2085 604 2147 aut
629 2095 726 2147 nnnc
748 2085 874 2158 errat,
907 2082 972 2145 aut

55 2170 211 2267 ,snper
225 2171 390 2251 errarit.
420 2170 534 2246 Novit
557 2170 653 2245 enim
675 2171 862 2255 mundus,
888 2190 972 2264 quae

54 2270 112 2363 „in
141 2270 243 2345 innoc
273 2269 430 2346 tenuerit
461 2282 641 2354 aetatem,
676 2292 746 2364 qua
776 2266 973 2343 constantia

10 2410 19 2433 ·
56 2392 92 2463 ,r
142 2368 169 2443 d
216 2370 439 2453 sardicam,
478 2367 516 2443 dt
552 2370 591 2445 in
630 2368 781 2443 Nicaeno
819 2366 971 2443 trastatu

54 2490 92 2561 ,a
105 2466 215 2545 cosor
227 2466 297 2556 snt,
318 2468 355 2543 dr
372 2467 595 2543 damnaverit
614 2465 791 2542 Arianos.¹
833 2466 928 2554 Quid
946 2465 972 2539 st

13 2657 19 2667 Ι
56 2566 211 2659 ,diverse
247 2591 344 2643 nunc
374 2565 506 2652 sentit,
536 2564 826 2662 &quaecunque
857 2565 973 2641 abeo
1037 2642 1046 2653 ,

10 2736 12 2741 .
56 2678 168 2759 ,retro
189 2667 367 2741 damnata
393 2663 469 2762 jam
494 2664 664 2750 fuerant,
697 2662 997 2767 defenduntur„

57 2787 151 2863 ,pum
171 2764 322 2841 defensa
340 2761 587 2839 damnantur?
612 2763 766 2837 Rursum
783 2764 883 2847 dico,
900 2786 972 2837 uon

56 2864 161 2957 ,mihi
187 2863 272 2961 ejus
300 2864 508 2940 austeritate
539 2862 801 2959 praescribitur:
818 2884 919 2937 =nam
946 2860 972 2935 fi

54 2964 278 3059 ,nonaginta
305 2961 381 3037 sere
414 2961 519 3037 annis
555 2961 651 3035 maie
682 2961 865 3042 credidit,
897 2958 971 3057 post
1021 2986 1024 2993 ·

10 3146 14 3157 ¹
49 3064 276 3155 ,nonaginta
298 3060 402 3139 illum
426 3060 519 3133 reste
542 3058 670 3135 sentire
696 3084 768 3135 nou
798 3058 972 3143 credam:

10 3166 14 3215 ³
47 3172 131 3257 ‚put
160 3160 191 3235 si
220 3182 319 3235 nunc
345 3158 465 3242 reste,
495 3159 581 3254 quid
602 3158 648 3233 dc
669 3158 728 3233 his
753 3156 973 3251 opinandum

14 3322 18 3333 .
42 3258 138 3353 ,‚est‚
155 3260 229 3355 qui
244 3257 373 3335 eadem
386 3256 510 3353 signati
526 3256 596 3331 fide
614 3307 624 3341 ,
648 3258 687 3331 in
699 3270 772 3352 tpua
789 3254 858 3352 ipse
875 3270 972 3344 erat,

40 3360 113 3449 „dc
127 3356 270 3435 saeculo
286 3353 531 3433 transierunt?
556 3355 641 3452 quid
664 3354 701 3429 dt
726 3356 774 3433 de.
795 3354 868 3449 ipso
891 3375 973 3448 pro·

40 3458 306 3549 ,nuntiaretur
332 3507 344 3543 ,
373 3452 518 3533 fiante
547 3456 641 3529 hanc
674 3452 862 3549 Synodum
890 3452 973 3525 dor·

41 3552 244 3650 „miisseti
269 3554 365 3649 Ergo
389 3552 630 3650 praejudicatae
652 3553 829 3647 opinionis
853 3550 974 3627 austo-

40 3656 162 3755 „ritas
186 3652 285 3731 nihii
312 3652 472 3747 valebit,
495 3652 579 3821 qssia
606 3667 730 3725 contra
756 3648 976 3820 senteripsarsn
1078 3730 1081 3737 ¹
1112 3672 1117 3681 ¹

572 3774 598 3846 4
732 3818 735 3833 ι
877 3768 976 3845 „ipa
