2400 4380
344 120 604 280 'Ttaliam
699 145 703 155 Ι
768 306 770 329 Ι
816 146 824 173 x
872 178 974 308 519'

56 373 195 453 malum
216 371 357 451 radices
384 374 422 451 in
445 388 483 454 te
507 399 615 473 agere
637 373 815 474 incipiat,
841 377 959 454 evelle

56 475 148 552 illud
166 529 178 567 ,
198 472 290 550 alias
320 473 520 552 dominium
537 475 606 552 dni
636 473 735 551 inte
761 475 957 575 usurpabit.
989 476 1024 571 ,³
1053 472 1056 483 ’

56 576 125 663 Qui
146 586 285 651 attente
311 586 420 660 orat,
444 574 564 653 adurit
587 576 800 664 daemones,
831 589 870 653 at
893 574 956 674 qui
1000 590 1002 600 ’
1056 608 1094 637 ·-
1160 666 1163 673 1

56 687 178 752 mente
195 685 366 770 vagatur,
391 673 564 775 illudetur
579 676 624 753 ab
641 666 735 772 lpus,
785 674 957 752 Incredu·
993 688 999 711 ¹

56 773 139 850 litas
161 774 409 872 duplicitatem
426 775 537 852 animi
560 786 736 871 generat,
760 773 955 873 duplicitas

56 874 342 969 negligentiam,
369 872 589 972 negligentia
605 873 844 962 oblivionem,
857 874 956 950 ¹obli·
999 959 1002 965 ,
1080 907 1083 919 ¹

56 973 112 1048 vio
132 973 444 1071 desperationem,
469 974 667 1073 desperatio
683 983 850 1053 mortem.
868 973 955 1053 Non
1076 996 1078 1003 ·
1130 992 1132 1007 ¹

56 1071 248 1170 subjiciaris
262 1074 434 1151 membris
446 1074 541 1167 tuis,
567 1085 610 1150 ut
633 1097 706 1149 non
722 1071 955 1149 dominentur
1065 1082 1069 1093 ’
1135 1096 1140 1105 ·

56 1172 88 1247 in
115 1184 152 1246 te
171 1172 334 1249 membra
354 1186 445 1260 tua,
476 1173 573 1270 quod
599 1174 734 1251 bonum
768 1170 816 1247 est
844 1171 883 1248 in
907 1168 956 1249 iis

56 1292 222 1368 operare,
248 1296 320 1346 non
340 1272 437 1369 quod
452 1272 600 1349 malum.
619 1270 850 1373 ¹Exercitatio
866 1269 953 1347 vitae

56 1369 953 1475 monasticaestudioplacendihominibusa'dmiata,
979 1430 982 1437 .

56 1471 388 1567 nonpermanebit.
438 1472 614 1566 Magnum
638 1472 676 1546 in
700 1471 864 1546 oratione
887 1469 953 1544 do·
1076 1493 1081 1503 ·
1135 1484 1139 1491 ·

56 1592 142 1644 num
166 1567 215 1642 est
236 1569 436 1669 lachryma.
487 1571 560 1645 Cor
576 1595 599 1644 a
618 1569 819 1665 coelestibus
844 1568 956 1665 dege·
993 1591 997 1601 ·
1094 1568 1097 1578 '

56 1686 183 1743 nerans
196 1669 475 1763 cogitationibus
483 1670 669 1744 daemones
677 1671 785 1746 rebus
801 1667 955 1743 terrenis

56 1766 306 1862 constringent.
351 1768 500 1847 Sursum
523 1769 659 1843 habeas
675 1781 866 1858 mentem,
890 1767 957 1857 ad·¹

56 1864 243 1943 oudenim
260 1867 445 1947 modicum
468 1866 575 1942 restat
591 1867 790 1966 temporis,
814 1865 955 1957 &hinc
996 1864 1009 1877 ”
1083 1890 1100 1957 j

56 1964 259 2053 abibimus,
283 1966 322 2041 dt
340 1988 422 2063 quae
437 1966 678 2062 congregasti,
703 1964 806 2063 cujus
822 1955 956 2040 esunt?

56 2063 228 2160 [empore
260 2067 472 2143 tentationis
493 2064 683 2161 investigat
699 2064 856 2153 Satanas
875 2088 956 2141 mo·
1086 2122 1089 2129 .

56 2165 234 2343 pachom,
277 2162 380 2267 cujus
416 2164 595 2273 probatio.
617 2166 658 2247 iu
692 2165 956 2242 tentationibus
1140 2144 1144 2165 ⁵

56 2283 210 2369 neue·
638 2290 641 2317 ¹
1064 2282 1068 2304 ²

98 2482 158 2556 15.
182 2454 399 2549 „Contende
424 2446 473 2534 ut¹
489 2454 737 2552 discretionem
752 2457 927 2558 possideas
944 2468 1128 2569 ,mflmrw

56 2558 178 2655 inqua
193 2557 345 2635 virtutes
360 2556 527 2633 solitariae
543 2559 629 2637 vitae
645 2557 727 2635 sunt
747 2558 956 2655 reconditae.
966 2584 1114 2646 comnen-
1164 2571 1172 2643 ‘,

56 2658 286 2739 Discretionis
323 2668 447 2732 autem
472 2655 721 2755 interpretatio
744 2655 831 2755 quid
856 2652 1067 2734 aliuddatur.

56 2756 126 2933 zi,
141 2777 250 2853 quam
265 2755 401 2852 absque
414 2754 580 2834 scandalo
590 2755 773 2833 'custodire
785 2752 958 2845 sodalem,

106 2856 258 2961 meliora
274 2855 321 2929 ad
348 2855 500 2930 salutem
525 2857 741 2952 pertinentia
765 2856 960 2952 deligere?

56 2957 170 3053 Cupis
195 2955 331 3029 bonum
356 2953 527 3051 possidere
549 2978 714 3046 nomen,
743 2955 782 3031 in
809 2956 961 3032 lenitate
1088 3020 1091 3025 .
1117 3013 1122 3019 -
1153 3042 1158 3051 p

56 3055 92 3130 ilc
127 3052 398 3129 mansuetudine
429 3075 538 3149 opera
562 3068 627 3130 tua
649 3055 823 3154 peragito.
875 3053 963 3145 Noli

56 3152 232 3228 monache
257 3151 403 3249 obsequi
433 3151 616 3243 invidiae,
654 3176 771 3252 neque
804 3151 962 3231 insidiari
1019 3156 1035 3193 l

56 3252 159 3328 sratri
176 3266 262 3357 tpo,
281 3250 319 3326 de
336 3250 546 3349 probrosum
558 3253 592 3329 ei
610 3276 744 3329 nomen
762 3253 962 3351 imponere,
1049 3306 1053 3317 ·
1126 3286 1132 3309 ν

56 3352 184 3428 volens
201 3373 284 3426 cum
301 3350 498 3447 ignominia
521 3370 606 3426 eum
629 3351 748 3445 eloco
763 3349 825 3427 suo
840 3350 964 3448 expel·
1031 3351 1035 3361 '

56 3451 131 3538 lere
141 3502 152 3537 ,
170 3462 300 3524 utnon
318 3448 455 3547 quaein
472 3449 627 3525 alterum
644 3451 873 3539 moliebaris,
890 3448 963 3573 ipse

56 3549 237 3624 sustineas.
288 3547 444 3624 Tametsi
464 3547 605 3624 accidat
621 3549 809 3647 praefestos
827 3550 964 3627 nostros

57 3648 165 3730 nonis
188 3671 263 3733 uon
279 3647 472 3749 praesentes
488 3646 619 3749 assidue
639 3648 783 3745 adesse,
808 3671 964 3745 magnus
