2400 4380
202 286 205 291 -
236 175 569 357 sumam
784 251 787 255 -
828 238 932 361 aa,
990 186 1038 287 f

66 423 160 512 ir&
183 423 300 525 postea
317 426 372 503 'fic
394 426 442 504 ad
466 424 585 504 Deum
613 425 777 504 accedas.
827 424 916 506 Nou

66 525 115 619 vit
136 525 299 601 medicus
321 529 490 602 morbum
515 528 726 621 aegrotantis
743 581 755 612 ‚
770 536 772 541 '
786 548 916 608 verum
1146 616 1150 629 ,

66 618 265 699 nfic¹Deus
278 632 306 698 ’τ’
323 626 405 701 ideo
427 626 662 724 poenitentem
683 626 790 701 nosse*
805 647 917 723 opor·
1023 704 1029 713 ἱ
1065 665 1089 693 ν.

77 776 89 813 ,
120 725 183 799 ubi
207 723 416 802 vulneratus
440 725 512 815 sit,
544 725 703 825 dicitque
724 725 779 801 illi
810 725 937 805 neoc·
1010 795 1032 809 ,,
1117 730 1119 737 ’

66 834 112 898 ‚ut
135 823 324 900 medicus:
347 825 406 900 dic
422 834 462 900 tu
480 826 634 921 primum
656 838 803 922 peccata
827 827 923 916 tua,·
1034 840 1041 895 2

68 920 299 1018 justificeris,
328 922 367 999 dc
394 924 544 1011 nealia'
554 923 737 1022 pro-aliis]
749 922 912 1017 dixeris,

66 1044 94 1096 n
118 1020 184 1109 tibi
218 1021 280 1119 ipsi
309 1022 477 1120 injuriam
514 1022 604 1097 facis
628 1047 638 1098 :
662 1022 774 1119 iuges
806 1022 915 1100 iniiar

66 1143 127 1207 tu,
144 1118 190 1195 dc
213 1121 366 1197 interius
392 1120 620 1197 excandefcis
646 1175 657 1210 ,
689 1122 766 1195 non¹
785 1135 822 1196 te
849 1122 940 1197 ad·.

66 1219 124 1294 uit
146 1219 247 1295 Deus
268 1220 562 1318 impoenitentem
580 1274 590 1307 ,
614 1218 638 1294 fi
658 1220 770 1318 ipsum
784 1220 834 1303 ,de
852 1245 914 1296 ve·

66 1317 272 1409 ..obsecrem
289 1319 328 1396 dc
342 1322 433 1396 iram
449 1319 911 1415 adveriusaliquemfoves.
932 1355 936 1361 ·

67 1415 109 1492 sti
141 1442 187 1493 an
218 1421 450 1517 peccaveris.
485 1419 523 1496 dt
554 1442 641 1504 num
671 1418 838 1517 sprituale
868 1419 912 1509 fit

67 1526 272 1604 catum‚an
287 1517 459 1595 carnale?
481 1517 786 1616 quemadmodum
804 1517 908 1606 nosti,

83 1615 121 1691 dt
149 1620 399 1715 poenitentiam
423 1618 546 1695 facito.
596 1619 790 1694 Peccatum
811 1617 910 1715 spiri·

66 1715 149 1819 ead
172 1729 327 1794 mortem
347 1718 488 1815 respicit
509 1719 561 1794 ait
575 1716 731 1817 Joannes
746 1713 856 1822 Joun.
872 1740 906 1812 5.
1148 1775 1150 1784 .

82 1836 170 1911 ergo
185 1818 433 1913 poenitentiam
451 1839 542 1912 age,
565 1804 661 1915 quafi
677 1816 822 1909 devita
844 1815 909 1891 da
945 1856 947 1861 ·
1048 1892 1052 1899 ,
1117 1826 1123 1845 ·
1146 1856 1150 1863 ·

66 1935 193 2003 raros,
219 1926 266 1990 'ut
300 1941 363 2013 per
393 1930 548 1995 mortem
583 1916 745 2013 corporis
774 1915 908 1992 anima

66 2024 159 2088 rtem
177 2018 427 2104 extermines,
449 2016 543 2099 dixit
557 2016 655 2090 enim
678 2015 729 2089 ad
754 2016 906 2111 dunpue
1007 2072 1018 2095 .

83 2113 164 2188 suos
183 2114 376 2190 Salvator:
407 2117 463 2212 qui
481 2115 592 2212 perdit
614 2115 758 2189 animum
775 2116 904 2213 suam,

66 2216 243 2287 mirream:
260 2213 370 2318 t,Joon
391 2242 446 2307 12.
473 2215 553 2301 Quo
569 2211 708 2308 pasto?
732 2214 906 2310 quoniam-

80 2312 172 2485 mpori
189 2335 252 2408 per
263 2314 510 2411 poenitentiam
526 2311 648 2410 eligit,
665 2332 729 2413 per
748 2313 904 2410 gratiam

66 2433 95 2508 ip
111 2435 133 2483 o
150 2411 259 2492 vivet.

72 2633 107 2706 4.
135 2608 322 2707 „concise
356 2602 569 2694 incanum
593 2607 725 2687 meum
751 2634 824 2687 non
848 2558 901 2686 sass
913 2582 1023 2693 natu
1051 2576 1054 2581 ’

66 2720 121 2795 rt,
147 2732 263 2804 neque
285 2709 410 2786 cundia
425 2724 573 2806 peccata
600 2707 802 2786 sacerdotes
824 2707 1059 2808 pla-harnam

66 2822 87 2882 it
109 2819 219 2905 atque
236 2808 437 2885 conciliant
452 2831 468 2899 ζ
485 2807 523 2884 dt
543 2810 726 2906 quomodo
753 2799 1050 2944 quidam2'2‘3'13'152¹
1072 2840 1099 2967 δ·

909 2973 1026 3051 gunter.
1133 2995 1135 3000 v

66 2919 156 2995 ant,
198 2907 233 2981 se
264 2909 302 2983 in
337 2908 494 2983 Ecclefia
525 2908 681 3006 quodvis
712 2922 901 3006 peccatum

66 3030 77 3078 e
94 3006 207 3101 ligare
223 3030 266 3081 ac
282 3006 452 3081 solvere?
476 3006 565 3082 nam'
579 3002 618 3084 dt
641 3009 774 3106 impius
791 3009 902 3084 sacer·

83 3104 174 3187 iile,
201 3108 263 3202 qui
288 3106 423 3181 solvere
439 3108 655 3196 conabitur,
677 3107 904 3204 quaeligavit

66 3229 112 3297 us,
159 3205 371 3301 Respondeo
396 3230 405 3280 :
441 3207 551 3281 solius
572 3208 716 3303 quidem
741 3208 809 3282 Dei
830 3206 900 3296 est,

66 3303 191 3380 noctuis
216 3304 416 3397 suscitare,
447 3319 487 3382 at
512 3302 760 3405 poenitentiam
788 3308 900 3383 etiam

69 3403 165 3478 ceiiit
200 3402 406 3481 horninibus
430 3406 467 3482 in
493 3407 599 3482 malis
631 3406 899 3482 incurabilibus.

66 3503 117 3576 rid
134 3504 329 3578 insanabile
355 3504 515 3601 habebat
537 3506 701 3592 vulnus,
727 3519 766 3579 at
783 3505 901 3583 itaii·
972 3508 976 3515 '

66 3626 72 3675 ι
94 3599 229 3677 sanavit
245 3603 455 3699 poenitentia
473 3624 490 3693 ,·
509 3615 551 3680 ut
566 3628 682 3701 neque
695 3606 900 3679 cicatricem
1022 3618 1041 3653 ='
1138 3628 1143 3643 ·

66 3702 239 3783 maculam
262 3704 435 3787 commiffi
459 3705 626 3781 adulterii
650 3703 689 3781 dt
713 3702 899 3817 homicidii
1108 3760 1113 3765 .

787 3824 899 3891 „tetr-
