2400 4380
334 140 554 297 seruatus.
582 205 723 299 uer
930 236 988 329 23

60 387 196 488 pinge,
216 391 544 471 morsextorserint
557 392 766 472 debitorem.
816 393 895 472 Illic
908 396 990 475 vias

59 490 186 583 „eiius
224 491 408 569 viantibus
446 493 601 581 claudit,
647 505 745 571 arcet
775 496 821 569 ab
864 495 988 573 herbis

62 588 198 688 „sylvis
225 589 265 670 dr
286 593 409 691 aquis.
449 603 628 690 negatque
652 593 859 673 hominibus
887 595 987 691 quod
1133 652 1136 657 -

64 688 237 783 ‚prium
276 691 495 791 serpentibus
518 691 557 768 dr
579 691 665 768 feris
690 717 763 768 non
787 692 899 790 potest
922 694 987 769 de·

58 810 228 886 ,begere
292 790 402 869 Alius
425 791 510 867 inde
532 813 653 868 rerum
676 792 838 869 omnium
865 782 1005 890 captet¹
1065 789 1102 809 ’“

56 890 292 981 munnam,
360 898 559 988 uucuputur¹
598 890 813 967 distrahendi
842 904 999 990 tempus·

7 1048 10 1059 .
59 985 205 1079 „minor
226 988 270 1065 in
292 989 473 1076 mensura,
511 988 626 1086 major
648 991 686 1066 in
710 993 844 1088 pretio:
877 1002 987 1088 negat

59 1082 116 1177 „ie
137 1086 299 1178 habere,
337 1090 434 1186 quod
458 1087 648 1177 distrahat,
679 1103 722 1165 ut
744 1103 912 1185 rogetur,
945 1100 987 1166 ut

58 1182 243 1284 „jugulet‚
294 1200 405 1286 atque
440 1187 580 1264 utinam
617 1189 823 1287 incorrupta
855 1188 988 1288 speeies

61 1284 312 1376 „venderetur
359 1286 562 1383 Ingemiscit
597 1300 790 1384 praeterea,
824 1287 988 1364 stannus

58 1380 121 1477 ..fit
144 1381 300 1478 sterilis,
362 1386 478 1462 multo
501 1388 619 1481 magis
644 1385 670 1461 fi
700 1386 830 1461 fertilis
853 1386 985 1472 fuerit,
1070 1406 1073 1413 ⁴

8 1558 19 1572 ,
62 1481 154 1575 ,iilic
176 1483 268 1583 quin
289 1507 418 1583 parum
441 1482 621 1574 distrahit,
645 1485 706 1561 hic
728 1485 812 1583 quia
835 1509 906 1560 nnn
930 1486 985 1560 su·

18 1598 21 1611 '
62 1582 147 1675 ,lus
195 1582 370 1663 Irascitur
386 1585 487 1676 Deo,
512 1582 632 1660 finon
655 1583 791 1684 semper
809 1582 873 1661 frat
894 1586 985 1683 pub·
1091 1584 1096 1617 ¹

38 1680 343 1771 prurientibus
372 1684 484 1761 dives.
564 1683 614 1759 Et
640 1682 735 1759 inter
763 1683 844 1758 haec
875 1706 984 1761 nemo

64 1780 305 1871 ‚imminentis
325 1783 450 1882 iudicii
472 1781 641 1858 flammas
669 1779 888 1877 confideret,
930 1781 987 1857 so·

68 1878 157 1975 „ium
178 1881 339 1973 entitur,
364 1885 410 1959 de
433 1905 505 1981 quo
526 1881 661 1958 ditium
683 1881 750 1957 est:
783 1881 874 1956 idola
902 1907 985 1981 gen·

58 1980 159 2069 ,fiam
172 1994 354 2081 argentum
380 1981 422 2063 ‚8
445 2007 561 2057 aurum
581 1980 638 2080 Ps.
660 2007 742 2078 113·
774 1979 907 2056 vellem
926 1993 984 2054 ta·

10 2114 25 2165 p
57 2100 156 2171 „men
173 2080 292 2170 inire,
317 2094 421 2159 tanta
444 2082 560 2159 rabies
585 2079 675 2177 quid
691 2078 889 2177 voluptatis
913 2078 982 2154 hu·

10 2213 22 2264 s
59 2176 185 2269 „beatu
220 2180 379 2261 Febrem
407 2206 479 2257 non
502 2180 702 2275 extinguit,
726 2192 882 2255 mortem
906 2202 981 2253 uon

10 2312 20 2361 r
56 2280 244 2375 „repellit‚
284 2280 399 2358 solum
424 2280 550 2357 oculos
576 2279 739 2355 infelices
764 2279 982 2374 inanemque

10 2411 15 2455 ι.
55 2377 335 2465 „eonieieutiam
361 2381 408 2459 ad
423 2383 494 2456 hoc
514 2380 552 2457 in
572 2378 722 2475 maligni
741 2376 893 2472 fulgoris
916 2400 981 2452 cu·

11 2524 13 2539 ·
54 2476 242 2573 „pidinem
272 2482 390 2573 diram
410 2479 469 2579 spe
489 2478 651 2577 potiundi
675 2478 898 2575 praecipitat,
933 2497 982 2550 ne

54 2577 190 2673 „gratis
211 2578 328 2657 homo
353 2579 516 2656 videatur
538 2574 688 2653 occisus

118 2799 184 2870 35.
215 2773 314 2861 „Sed
328 2774 462 2870 quirin
477 2775 582 2851 nobis
597 2771 727 2849 fratres
743 2771 832 2845 fides
850 2768 887 2847 dr
904 2771 974 2868 pie·
989 2761 1139 2862 Avaritia

53 2882 134 2965 „tas
147 2874 339 2973 expultrix
352 2875 514 2950 avaritiae
525 2887 668 2958 manet,
690 2873 790 2966 digni
806 2871 886 2946 estis
900 2871 975 2946 uui·
989 2846 1129 2963 ”immi

12 2980 14 2997 '
50 2972 165 3063 „rerfi
196 2996 328 3050 aurum
357 2988 617 3071 argentumque
647 2988 819 3045 nontam
846 2970 980 3044 habere

12 3162 16 3171 Ι
50 3093 188 3167 „quam
213 3072 300 3159 elie,
325 3096 414 3151 nam
427 3094 494 3149 vos
509 3072 589 3147 estis
606 3092 734 3146 aurum
750 3069 872 3143 vivum
891 3068 979 3159 Dei,

12 3176 15 3183 ’
50 3171 211 3260 „Christi
230 3196 296 3249 vos
310 3184 523 3268 argentum.
545 3192 611 3245 vos
627 3168 783 3262 Spiritus
800 3166 905 3243 santii
924 3168 978 3242 di·

50 3270 196 3359 „vitia
248 3270 361 3350 Vobis
390 3293 478 3348 euro
506 3267 701 3347 construfta
732 3267 882 3343 aetheria
914 3266 980 3343 illu

49 3368 211 3460 „civitas
231 3367 404 3446 destinata
420 3368 479 3449 est.
528 3366 653 3444 Securi
673 3365 804 3455 estote,
825 3365 917 3441 nihil
940 3367 979 3441 in

49 3490 121 3559 „ea
149 3469 252 3547 deest
283 3491 476 3566 umquem.
521 3468 642 3543 omnia
678 3468 771 3541 bona
805 3480 977 3563 perpetuo

52 3568 299 3656 ,exuberans
323 3593 430 3644 nemo
447 3579 549 3663 eget,
564 3589 671 3642 nemo
688 3566 844 3647 invidet.
868 3586 976 3640 nemo

51 3662 238 3761 „iuratum
263 3690 371 3749 nemo
382 3667 551 3844 jugula&
575 3666 727 3744 moritur
747 3686 873 3758 uem03
898 3652 991 3737 om>

569 3789 596 3863 4
912 3785 978 3839 nes
1079 3838 1095 3848 ,
