2400 4380
75 259 78 262 ·
216 168 345 371 ara-i*⁴
410 190 438 359 1,
500 197 757 331 sumnam
780 204 878 331 Syri
1079 234 1083 240 ·

82 443 89 459 ¹
138 442 142 453 ·
219 407 343 499 „nitas
359 456 371 493 ,
388 401 517 502 'ipsum
543 401 591 478 ad
613 401 726 478 coelos
754 424 839 478 cum
864 384 950 479 Elia
978 372 1083 478 evehi

220 508 303 599 „vis
339 514 465 579 autem
495 502 714 599 virginitatis
744 501 788 589 in'
809 500 977 578 ciborum
1009 512 1083 576 conl

221 602 459 695 „abstinentia
477 655 489 691 ,
514 624 598 682 nam
614 600 817 679 monachus
835 600 998 700 crapulae,
1016 599 1083 675 ded

95 736 102 745 ·
219 702 509 796 „contaminabit
525 721 670 780 carnem
696 701 806 778 suam.
852 699 1083 781 Monachus·

160 815 166 827 '
220 803 393 896 „bescens
419 800 522 893 resie
537 799 632 877 satta
657 799 719 876 sua
744 799 936 900 publicare
955 819 1083 876 merce

218 902 293 993 „ab
313 900 540 984 occultorum
566 900 760 978 scrutatore
777 894 916 982 Christo
935 897 1083 997 recipiet

96 1064 105 1088 ,.
168 1090 171 1095 ,
219 1001 427 1093 „monacho
454 999 605 1095 superbo
630 1024 705 1075 non
727 999 925 1098 requiescet
948 996 1083 1073 Domin

219 1101 308 1191 „sed
338 1099 376 1174 in
402 1094 543 1177 humili.
618 1098 707 1179 Vita
740 1097 780 1175 &
807 1121 930 1197 mores
956 1097 995 1175 S.
1013 1097 1083 1196 joa

220 1199 365 1291 „forma
390 1197 471 1277 sunt
504 1197 777 1280 monachorum.
830 1199 1039 1277 Monachus
1070 1196 1082 1271 i

221 1309 414 1389 „coerceat
429 1349 440 1383 ,
466 1320 551 1373 nam
562 1298 637 1372 vita
654 1295 733 1395 ejus
750 1297 952 1381 inlenitate
965 1296 1005 1373 dc
1023 1308 1083 1392 pat

172 1439 177 1447 ‚
220 1397 301 1488 „tia
318 1395 549 1491 dignoscitur.
600 1397 805 1477 Monachus
819 1399 967 1494 quietus
981 1420 1083 1473 nont

222 1496 373 1587 „turbat
395 1496 526 1576 fratres
543 1501 558 1584 ,’
589 1509 629 1571 at
657 1496 962 1575 vociferabundus
987 1519 1083 1590 perv:

222 1594 482 1688 „conventum
507 1594 703 1675 Silentium
713 1595 886 1672 lllonachi
902 1620 987 1671 cum
1007 1596 1083 1692 puri

222 1694 370 1784 „cordis
390 1693 618 1790 conjunsium
638 1694 812 1791 Spiritum
838 1696 1012 1771 Sanslum
1041 1693 1083 1767 sse

223 1793 388 1886 „Placidi
414 1816 536 1872 mores
571 1794 742 1877 monachi
766 1795 965 1870 fraternum
999 1816 1083 1868 amo

224 1893 474 1984 „conciliant‚
500 1891 538 1968 dt
559 1893 659 1975 rixas
673 1894 869 1990 depellunt,
907 1897 1083 1969 Scutum,

224 1991 358 2083 „nachi
382 1991 662 2088 inexpugnabile
676 1993 724 2068 esi
742 1994 902 2090 hymnus
919 1992 1083 2088 angelici]

224 2113 316 2184 „ore
332 2089 437 2188 eim,
468 2089 614 2172 somnus
635 2116 722 2167 vero
739 2091 765 2166 s1
785 2092 979 2190 plusquam
1001 2093 1083 2188 hyn

190 2238 206 2263 ›.
223 2189 448 2284 ,‚diligatur‚
488 2191 658 2273 monachi
694 2215 795 2270 mors
829 2193 888 2275 est,
955 2191 1083 2273 Thera

36 2305 40 2313 ’
138 2308 140 2313 ’
184 2330 186 2336 v
222 2289 421 2391 „monachi
446 2303 639 2387 paupertas
665 2291 879 2370 voluntaria.
932 2291 1083 2366 Monac}

222 2389 368 2479 §.Deum
401 2389 518 2491 pietas
556 2392 594 2464 in
636 2390 880 2488 hospitalitate
909 2390 1083 2484 cognosce

222 2489 406 2586 „Joannes
445 2489 511 2570 tibi
542 2491 710 2586 exemplo
742 2489 785 2565 fit
809 2491 990 2565 monache
1018 2512 1083 2586 cap

222 2588 380 2677 „cameli
405 2587 567 2672 amissus.
620 2591 825 2671 Monachus
849 2590 1071 2670 temerarius

223 2700 347 2776 „trum
379 2700 599 2762 conventum
625 2687 773 2783 diffipat.
825 2688 1035 2792 sEqualitas
1068 2687 1080 2763 i

223 2788 451 2875 „monachos
475 2788 633 2881 extirpet
662 2785 890 2884 superbiam.
917 2788 1083 2869 &humil

225 2898 324 2970 „tem
340 2885 423 2980 ipsis
443 2885 659 2961 familiarem
680 2887 809 2966 reddit.
856 2885 1063 2963 Thesaurus
1081 2916 1084 2960 ς

225 2984 360 3074 „unachi
385 2984 433 3057 est
462 2985 695 3072 obedientia,
736 3008 847 3084 quam
879 2989 942 3082 qui
971 2986 1083 3087 posses

225 3081 467 3173 „exaudietur
507 3084 727 3163 aDomino.
785 3087 1001 3166 Sermonem
1034 3109 1083 3161 xer

224 3183 452 3274 „monachus
469 3181 668 3278 loquatur,
693 3182 731 3259 dt
747 3186 980 3265 mendacium
1003 3210 1080 3260 non

223 3280 372 3368 „dictur
388 3282 426 3355 in
445 3302 507 3356 ore
526 3281 636 3358 illins.
686 3283 727 3367 Si
745 3284 889 3377 duriora
906 3286 1018 3361 verba
1035 3308 1083 3361 au

223 3380 297 3467 „rit
317 3381 517 3461 monachus
536 3433 548 3464 ‚
569 3407 643 3458 non
657 3381 866 3470 insolescat,
893 3382 954 3459 sed
972 3384 1083 3460 submi

206 3479 350 3568 .‚,sese‚
390 3479 545 3557 suaviter
579 3483 688 3557 verba
728 3483 789 3558 sua
826 3506 912 3559 cum
951 3483 1083 3567 humili

221 3577 463 3672 „depromens
503 3581 707 3661 monachus
732 3586 748 3668 ,'
781 3583 892 3663 etiam
928 3606 980 3657 ex
1014 3583 1083 3679 lapi

220 3678 357 3773 „corde
378 3676 587 3781 lachrymas
611 3681 796 3764 excitabit.
829 3682 934 3761 Sicut
953 3682 1065 3764 turbo

396 3798 413 3825 ²
914 3858 919 3869 .
1008 3805 1082 3875 „se
