2400 4380
330 228 543 338 &monera
759 236 763 245 '
811 252 899 345 323
1069 234 1072 249 “

60 433 174 514 gnum
205 413 277 490 hoe
307 419 517 493 remedium.
571 411 757 493 Perversoe
787 407 896 515 igitur

60 537 134 589 moe
173 516 299 590 nostrae
330 536 449 592 mores
475 516 685 593 excidamus
707 513 788 605 ,¹61
813 516 895 590 loco
952 580 956 589 .

60 614 241 689 iteriomm
259 617 387 692 timore
409 628 555 691 utamur
579 618 728 699 divino,
761 616 799 689 in
823 639 911 710 quo‘
1011 703 1024 721 .„

60 715 199 789 :erimus
225 717 359 811 peccati
377 716 533 812 impetus
549 717 749 811 reprimere.
792 716 898 790 Con·
1060 802 1063 807 ⁴

60 812 898 911 tiscentiasigituraculeotasomittamus.costa
1021 838 1024 843 ·

60 912 219 1007 pitatione
248 912 398 990 insultus
423 913 686 988 libidinosarum
710 914 899 1007 cogitatio·

60 1034 91 1086 m
106 1008 321 1106 repellentes
340 1062 350 1101 ‚
375 1022 416 1088 ut
431 1014 545 1107 gratio
572 1012 772 1087 Salvatoris
792 1010 898 1089 nostri

60 1111 226 1205 ipartem
243 1108 430 1187 sortiamur
439 1112 690 1188 immortalem.
709 1111 898 1213 ipsrglotie
927 1120 933 1130 '

60 1207 183 1285 recola
210 1206 433 1289 saeculorum.
468 1208 605 1305 nmen

231 1441 485 1583 senno
534 1443 644 1531 run.
896 1496 901 1507 .

130 1586 199 1684 De
213 1584 440 1682 Paerrt'tentta
468 1603 518 1690 ἔθ’
536 1597 740 1686 literatum.

76 1798 218 1881 uisnam
234 1803 302 1881 Dei
315 1808 402 1884 iram
417 1802 453 1883 i'n
475 1805 736 1885 miserationem
753 1802 898 1881 conver·
913 1810 1065 1905 Quomodo

60 1934 75 1967 ι
99 1915 182 1990 „tet
203 1958 214 1992 ‚
239 1907 299 1980 nisr
318 1909 376 2003 qui
396 1909 538 2005 supplex
562 1909 674 2006 ipsum
693 1909 1051 2004 depnecaturnoeoitm·

60 2002 160 2079 licem
181 2059 191 2082 .
217 2005 346 2101 quique
363 2006 452 2101 ligat
469 2032 560 2082 onus
575 2019 804 2103 peccatorum
827 1990 994 2079 suo-iiim·
1088 2053 1091 2063 ·

60 2125 114 2186 n,
140 2120 329 2199 portatque
348 2128 391 2178 ac
411 2105 539 2192 solvit,
565 2105 602 2181 ὅ(
620 2108 762 2200 quando
778 2104 905 2179 uolue-
968 2137 971 2141 ·
1020 2168 1022 2175 ,

66 2202 230 2275 sublevat
249 2227 257 2276 :
282 2201 436 2296 ligamus
454 2206 548 2279 enim
572 2226 680 2278 onera
696 2203 879 2299 peccundo
891 2227 908 2290 ,·

60 2297 267 2390 elevamus,
299 2302 324 2376 st
350 2305 595 2397 peonitentiam
627 2304 836 2399 egerimus:
867 2302 905 2377 in

60 2400 111 2472 nis
135 2400 244 2492 igitur
260 2401 332 2484 est.
359 2401 542 2478 ioiuere&
557 2403 696 2498 ligare,
720 2400 766 2475 ad
787 2399 905 2477 Deum

60 2520 91 2569 ·o
115 2502 268 2594 pertinet
294 2502 507 2576 condonare.
558 2502 651 2575 Pace
678 2502 787 2596 igitur
811 2500 904 2574 saeta

60 2599 72 2670 i
90 2596 152 2694 ipsi
170 2599 399 2674 reconcimre
418 2654 426 2681 ,
452 2600 707 2693 animamque,
733 2614 840 2694 quam
861 2597 905 2672 li·
1052 2686 1053 2691 Ἰ

60 2694 94 2771 ui
112 2697 264 2770 vinculis
280 2696 374 2773 solue
392 2722 435 2773 ac
450 2699 561 2773 libera
577 2722 584 2771 :
610 2698 676 2773 stat
693 2698 787 2770 enim
805 2696 906 2771 Deus

60 2796 129 2869 huc
152 2809 189 2870 te
204 2793 423 2892 experimen.
448 2810 490 2871 ut
513 2811 553 2872 tu
570 2796 809 2871 reconcilieris
833 2795 907 2867 Do·

61 2918 120 2968 no.
173 2893 337 2971 Conciiia
364 2918 447 2989 ergo
472 2895 691 2970 &consocia
717 2908 909 2970 externum

60 2994 200 3085 minem·
215 3014 297 3067 cum
318 2994 479 3077 interno,
504 3012 546 3068 nc
562 2994 729 3093 deinceps
746 3010 791 3065 ex
809 3014 910 3066 acer·

60 3089 148 3165 frma
178 3089 344 3168 servitute
372 3094 547 3167 daemonis
578 3107 616 3167 te
643 3092 680 3167 in
705 3092 911 3185 libertatem

60 3192 163 3277 iere,
188 3189 304 3287 iicque
329 3213 435 3288 quarn
456 3192 522 3267 tibi
548 3192 745 3269 occluseras
762 3188 912 3288 januam

60 3306 149 3386 uper
172 3286 210 3363 su
258 3290 438 3367 litationis
465 3304 539 3365 ture
565 3290 725 3388 praefidio
752 3302 914 3385 opertam
975 3346 977 3353 -

60 3386 179 3485 peries.
248 3414 271 3462 n
288 3412 358 3486 quo
378 3390 476 3465 Patri
494 3391 607 3483 gloria
624 3390 661 3465 δι
678 3382 769 3465 Filio
784 3389 821 3462 rie
834 3388 915 3486 Spi·
1019 3422 1037 3475 χ

60 3487 93 3562 ui
114 3484 247 3562 Sanun
263 3489 301 3564 in
319 3488 447 3566 recula
470 3489 692 3566 seculorum.
719 3486 852 3571 Amen.
889 3522 891 3530 ⁴

431 3752 665 3862 rest·
787 3772 982 3865 sen,
