2400 4380
310 182 623 343 tommo&
812 142 898 321 cip
1049 208 1053 229 ¹

68 392 150 469 ium
164 388 378 488 cutientem
396 385 501 465 avide
520 385 629 464 nimis
647 384 808 485 requirit.
856 385 899 464 ln
1056 454 1062 469 .

67 487 407 587 recommonet,
429 487 573 584 quinec
590 486 755 565 vinorum
773 483 898 562 dulce·

67 614 81 667 e
101 590 266 690 gaudet,
297 610 367 663 nec
386 585 579 664 immodice
603 585 686 663 cino
713 606 897 684 neceque
1020 622 1024 630 ²

68 714 94 766 a
114 686 353 767 neceffitotem
372 685 516 763 fruitur.
571 685 614 761 ln
631 687 751 784 pronis
768 685 897 783 volup·

67 789 134 865 bus
159 798 401 886 temperantes
426 784 537 873 sunt,
561 784 623 882 qni
646 782 800 860 senibus
824 782 898 860 suis

67 899 196 980 erant,
219 883 497 984 cogitationibus
510 882 704 962 libidinofic
724 881 895 959 assensum

82 988 265 1085 praebent,
280 985 395 1062 comis
413 983 583 1059 defideria
601 1006 675 1059 uon
693 978 894 1080 perficiunt,

67 1088 163 1163 lines
192 1106 422 1182 quascunque
447 1082 678 1182 despiciunt,
702 1081 804 1157 nullo
826 1079 896 1155 soe-

67 1206 176 1263 nrum
191 1184 404 1282 espettunut
418 1182 577 1279 corporis
591 1180 708 1257 forme
718 1178 895 1257 detestan-

73 1339 83 1373 ‚
109 1308 195 1362 cum
216 1282 427 1362 mulieribus
449 1282 559 1359 mum
583 1280 737 1356 honestis
762 1303 834 1354 non
854 1279 894 1354 in

67 1407 148 1481 gum
165 1385 343 1459 sermones
383 1382 583 1458 retrahunt.
620 1380 690 1469 Qui
709 1401 792 1455 vere
808 1400 895 1454 con·
947 1436 950 1441 .

67 1507 114 1561 us
132 1484 181 1561 est
196 1495 275 1558 toto
290 1404 399 1558 cotie
413 1479 732 1578 concupiscentiam
747 1499 893 1556 omnem
957 1570 962 1580 ¹
1079 1500 1082 1505 ·

66 1585 179 1662 nalem
193 1581 360 1683 propellit
383 1603 427 1659 ac
450 1581 602 1679 superet.
659 1596 665 1613 ··

66 1836 73 1859 .
100 1781 201 1870 „Qui
217 1802 305 1855 vero
332 1774 640 1877 intemperans&
666 1765 1072 1869 inconnnensloteme-

66 1938 69 1957 .
93 1902 120 1955 u
140 1900 352 1978 quocunque
375 1879 465 1955 uitio
481 1880 663 1979 superatur
693 1901 703 1953 τ
734 1863 1029 1953 multilo'mffi
1072 1916 1075 1925 ·

66 1978 259 2075 rgaudet,
285 1976 554 2056 &sennunibns
578 1976 698 2052 otiosis
714 1974 753 2053 &
767 1936 996 2053 scum-''¹⁰¹‘'

66 2100 120 2168 s,
143 2079 191 2153 ad
215 2077 395 2154 edendum
422 2077 674 2154 &bibendum
696 2073 892 2169 somnust:

66 2176 274 2254 stationibus
287 2177 438 2276 impuris
452 2176 622 2255 offensum
634 2175 791 2273 praebet,
809 2173 892 2251 libi·
1046 2222 1049 2227 -

66 2274 283 2353 emarcescit
295 2329 307 2369 ,
332 2277 449 2353 manis
463 2275 587 2373 gloriae
602 2275 640 2352 bt
653 2272 892 2350 honorisne·
1042 2312 1045 2317 ·

74 2388 268 2467 vexetur,
301 2374 348 2450 de
367 2375 596 2452 foeminarum
623 2374 685 2451 fibi
705 2372 892 2452 consuetu·
984 2438 987 2445 .

66 2499 80 2550 e
97 2475 229 2573 placet.
277 2476 369 2566 Quae
388 2474 543 2570 vigilans
557 2473 617 2550 vel
638 2493 701 2572 per
715 2473 895 2549 somnium

65 2585 117 2663 t,
143 2574 318 2651 memoria
333 2574 460 2650 recolit
479 2596 493 2649 ε·
513 2575 552 2650 in
573 2584 694 2649 mente
709 2573 773 2649 sne
786 2569 893 2647 eslin-

65 2672 399 2760 femineumnec,
415 2671 710 2748 contrectationes
716 2692 891 2748 manunt

65 2772 209 2870 rplexns
233 2792 446 2870 corporum,
477 2771 720 2847 membrorum
742 2768 893 2877 compli-

65 2892 190 2960 2ones‚
218 2867 421 2948 sermonum
456 2869 721 2956 dulcedinem,
751 2866 891 2944 blondi·
1002 2933 1005 2938 .

65 2982 121 3045 cto
143 2969 232 3047 risus
242 2972 258 3058 ,'
279 2982 389 3047 nutus
404 2969 591 3045 oculorum
609 3021 620 3055 ‚
647 2977 813 3044 ornatum
829 2989 893 3042 ve·

65 3092 128 3157 m,
158 3080 320 3165 tempora
343 3092 386 3144 ac
405 3068 485 3143 loca
509 3062 822 3161 congressionum,
854 3063 893 3141 lt

65 3167 146 3254 ιᾶα,
161 3144 243 3263 ‹iuae
257 3168 303 3244 ad
322 3168 544 3263 voluptatem
560 3167 747 3265 pertinent.
766 3164 893 3240 Homo

65 3266 251 3357 minens,
284 3266 309 3342 fr
336 3266 458 3341 videat
478 3266 686 3361 scripturam
708 3264 753 3338 de
777 3263 892 3337 conti·

65 3366 124 3441 ltin
140 3364 282 3440 recitari
296 3419 308 3453 ‚
332 3387 481 3441 maerere
496 3363 649 3460 incipit,
674 3360 699 3439 sr
715 3360 893 3438 seniorum

65 3464 168 3539 rebus
187 3463 292 3540 bonis
306 3463 542 3539 disserentium
561 3475 777 3537 conventum
794 3460 893 3535 vide-

64 3615 76 3654 ,
101 3563 225 3639 abillo
241 3563 275 3637 se
290 3562 463 3640 subtrahit
479 3617 488 3644 .
514 3559 693 3657 fipatrum
712 3558 895 3634 austerita-

64 3660 466 3760 poenitentemne
481 3659 659 3756 cibutum
680 3657 708 3737 fi
726 3659 833 3742 uerba
849 3656 896 3731 de

409 3760 450 3896 R·
465 3785 492 3859 4
780 3755 898 3856 „jeju-
