2400 4380
227 166 337 326 'xro
400 201 1019 323 ,heliopolitanae-2514,
1062 228 1066 233 ·
1131 242 1135 279 ,

253 391 391 489 „multi
416 413 462 467 ex
491 412 642 469 numero
673 388 784 467 cellro
818 409 882 487 per
910 387 1010 469 loca,
1092 392 1100 411 ’

87 518 90 525 ·
145 534 149 543 ·
251 506 447 587 „cruentas
464 491 601 587 operati
616 490 696 567 sunt
713 489 842 566 cardea.
892 486 1073 575 Sedima

251 590 451 690 „judicium
465 589 552 670 Dei.
571 603 612 662 ut
628 588 711 675 ille,
729 590 791 684 qui
809 609 875 662 vos
891 588 1009 665 redire
1019 587 1034 685 j

252 697 477 785 „imperator
510 687 673 787 Julianus
711 686 917 781 sacrilegus
947 708 1069 769 moret,

250 793 339 888 „qui
364 786 643 886 persecutionem
672 788 776 867 vobis
798 787 1084 882 provocantibus.

250 890 421 983 „miserat
445 940 456 973 ‚
488 899 553 962 aut
575 888 718 967 mittere
744 883 973 981 disposuerat.¹
1022 884 1083 969 (l¹

250 987 328 1083 „eil
343 990 381 1062 in
389 984 602 1065 Catholicoa
611 985 814 1067 trucidatio.
833 982 965 1061 Nonne
973 982 1022 1057 du·
1040 1000 1043 1005 ·

251 1087 393 1181 „velino
415 1084 561 1163 fuerunt
591 1084 694 1161 Felix
720 1080 890 1161 Zabensts
921 1078 960 1165 dt
989 1082 1007 1182 J

250 1180 618 1280 „Flumenpiscensrr‚
638 1182 676 1265 dt
699 1181 811 1263 ceteri
841 1181 902 1276 qui
921 1204 989 1259 con

251 1286 325 1380 „ad
343 1283 525 1360 castellum
543 1280 791 1368 temulente,
822 1279 885 1355 ubi
908 1303 992 1356 cum
1016 1282 1051 1356 vi

110 1394 113 1399 '
251 1382 459 1476 „basilicam
483 1381 667 1460 clausam.
699 1379 871 1478 jusserunt
894 1380 1045 1461 comites

94 1508 140 1547 ··:·
253 1500 322 1577 „ut
337 1480 567 1557 ascenderent
580 1481 758 1564 culmina,
782 1478 961 1561 nudarent
975 1478 1079 1565 teila·

253 1594 402 1675 „tarent
422 1580 592 1676 tegulas,
628 1581 666 1657 dt
689 1602 772 1655 cum
801 1578 916 1655 altare
945 1576 1135 1669 defendo}-

253 1680 422 1775 „diaconi
438 1678 617 1755 Catholici
633 1732 644 1765 ‚
678 1676 812 1774 tegulis
833 1677 978 1775 plunimi
994 1684 1135 1778 Μ

252 1780 382 1872 ‚·,sunt.
400 1784 474 1853 duo
490 1777 593 1853 occist
603 1776 682 1853 sunt
698 1831 709 1866 ‚
733 1778 879 1855 Primus
889 1774 986 1853 fluns
1001 1775 1135 1875 Januffi'

253 1879 320 1973 „dt
335 1880 500 1955 Donatus
513 1876 610 1953 filius
624 1877 722 1953 Nini.
773 1876 869 1951 Ecce
886 1899 908 1951 a
925 1876 1030 1955 vobit
1043 1872 1135 1979 sifi

220 2018 225 2027 ·
253 1976 330 2072 „eil
354 2032 365 2057 ‚
390 1979 485 2073 quod
515 1989 641 2052 contra
670 1997 737 2051 nos
760 1973 933 2050 invidiose
961 1972 1135 2080 loqui*

97 2102 100 2107 ⁴
253 2076 466 2173 „Episcopis
483 2075 604 2150 velitis
621 2072 830 2173 jubentibus
850 2072 954 2171 supro
975 2064 1135 2159 altaris·

253 2176 362 2269 „coni
381 2173 560 2251 Catholici
586 2172 689 2249 occist
712 2173 817 2259 sunt,
842 2170 1003 2249 similiter
1025 2166 1135 2269 &fl

253 2275 431 2369 „Carpoa
482 2276 522 2347 ln
538 2273 766 2349 Mauritaniae
783 2272 990 2349 civitatibus
1003 2270 1100 2351 vobio

253 2375 459 2465 „tractibus
486 2371 656 2468 quassatio
682 2370 804 2471 populi
828 2370 918 2447 salta
944 2371 1022 2458 est,
1041 2389 1135 2447 no}

253 2472 361 2564 „sunt
379 2475 417 2547 in
441 2472 553 2547 uteris
575 2487 759 2555 matrum,
782 2471 845 2566 qni
871 2485 975 2548 etant
999 2468 1135 2547 mitit:

253 2570 377 2664 „Quid
401 2570 474 2646 tale
500 2568 644 2647 anobis
666 2569 851 2647 admissum
870 2568 953 2647 esti
986 2584 1135 2660 nocta-⁵4

253 2671 420 2763 „stamus
445 2668 623 2746 vindicem
639 2669 779 2755 Deum,
812 2667 850 2745 dc
871 2664 1135 2753 inuidiamsa!

254 2770 469 2862 „runcano
493 2768 597 2864 quisi
620 2769 739 2866 aspere
759 2767 894 2863 aliquid
915 2768 1003 2846 iecit
1019 2782 1135 2867 pron

253 2879 358 2962 „tate
379 2919 390 2950 ,
421 2866 502 2941 leve
517 2863 584 2943 elie
603 2868 716 2943 videri
732 2867 863 2964 poterit
882 2920 895 2953 .
922 2867 1010 2945 dum
1026 2888 1087 2941 cor
1128 2884 1135 2957 j

253 2964 485 3060 „dissensione
502 2978 604 3043 tanta
620 2988 767 3043 cruenta
787 2965 825 3043 dr
850 2958 1135 3049 uotiua-fecerit

254 3065 379 3159 „Quid
425 3088 704 3147 commemorem
747 3063 909 3161 Tipasam
956 3063 1084 3143 Caesari

280 3186 1093 3343 „h

252 3315 499 3456 :currerunn
544 3362 582 3443 δι
618 3316 821 3462 quiitorum
861 3367 1003 3441 animos
1098 3356 1103 3363 '

253 3461 410 3554 „buntes
449 3459 609 3539 Athenio
645 3461 855 3561 praesidente
890 3463 1070 3541 catholica

254 3560 429 3654 „quentia
465 3562 685 3653 exturbata,
733 3573 929 3640 cruentare·
960 3561 1058 3641 dos
1096 3560 1103 3579 '

256 3658 355 3755 ,pun
384 3660 529 3761 expuo
551 3662 648 3758 furt,
685 3661 836 3745 accan
855 3661 936 3747 nm
951 3664 1040 3755 un,

1072 3758 1135 3855 „su
