2400 4380
200 214 203 257 ³
281 214 500 311 Sermones.
537 230 551 243 ”
645 152 655 281 Ἰ
767 222 864 341 8⁶¹3

74 400 195 499 goiim
220 400 375 481 ostendit
393 404 500 505 uobis
518 430 531 483 a
552 402 737 487 sumamus
752 430 854 487 eom·

67 524 114 576 un
129 502 307 579 &oleum
329 504 367 578 iu
382 504 472 588 vass
487 506 623 585 uostris.
652 508 708 583 Eu
733 507 855 589 aresta
962 594 968 603 ,

69 625 152 677 cum
165 605 300 698 gaudio
319 603 356 682 iu
375 606 559 684 occursum
574 605 654 680 illi:
674 606 857 687 ostendite

68 711 166 777 tutas
178 703 329 790 vestras,
346 705 547 803 religiosam
563 706 677 781 vitam
690 707 856 797 vestram,

67 804 226 878 unoleuti
237 804 325 895 'sitis
335 807 594 891 dormitantes,
609 804 854 895 oousrderate,

67 923 101 975 m
121 904 236 978 subito
254 905 390 981 clamor
408 904 622 989 insonuerit,
648 906 854 989 inveniatur

66 1005 255 1097 ampadem
279 1002 350 1079 fine
373 1005 455 1079 oleo
478 1006 647 1091 habeus,
679 1000 854 1100 quoniam

67 1123 127 1175 uus
157 1154 167 1187 ,
197 1105 342 1198 quaudo
371 1103 549 1181 Dominus
574 1101 690 1177 noller
719 1105 852 1185 veniet.

92 1214 215 1277 autem
239 1203 394 1289 scitote,
423 1205 521 1300 quod
555 1201 617 1277 nisr
654 1204 753 1277 brevi
781 1202 854 1277 hoa
922 1154 953 1269 'l

67 1298 121 1375 uis
145 1301 324 1376 curriculo
346 1303 436 1378 bene
461 1301 748 1387 certaverimus,
772 1324 853 1397 per«
917 1366 920 1373 .

67 1402 167 1485 uibi
199 1402 450 1499 poenitentiam
471 1403 606 1498 absque
632 1400 702 1474 fine
742 1401 854 1481 asturi
960 1462 966 1487 ,
1028 1458 1033 1467 -

117 1503 302 1576 Caeterum
322 1503 359 1575 in
377 1501 500 1577 studiis
525 1499 763 1581 &laboribus
790 1523 851 1581 ue·
891 1494 895 1519 ¹

66 1602 213 1691 gaudent
247 1600 413 1694 Angeli,
447 1600 536 1679 ficut
562 1600 600 1674 iu
630 1596 854 1693 negligeritis

79 1703 215 1792 gaudet
239 1701 436 1787 iuimicus,
462 1698 500 1775 δι
518 1698 543 1773 si
560 1698 660 1774 brevi
680 1698 750 1777 hoc
768 1700 857 1787 uitas¹

66 1821 108 1871 re
125 1802 349 1897 negligentes
366 1800 563 1883 fuerimus,
585 1796 723 1875 nullam
740 1799 777 1873 in
795 1797 856 1885 die

66 1899 134 1972 uda
172 1902 438 1977 excusationem
477 1894 726 1982 habebimus,
767 1920 854 1983 nam

66 1997 226 2077 lominus
250 2001 287 2077 ἂ
312 2003 484 2077 Salvator
500 1994 615 2072 noster
634 1995 680 2069 ad
701 2018 769 2071 nos
786 1995 852 2073 sal·

68 2119 85 2168 s
109 2097 359 2188 descenderit,
388 2104 507 2177 omnis
533 2095 638 2173 nobis
667 2094 854 2181 excusatio

66 2219 82 2270 a
117 2198 176 2274 est.
236 2201 429 2296 lntelligite
468 2196 615 2277 infidias
660 2193 852 2291 adversarii

70 2349 80 2382 ‚
104 2297 221 2373 nostro
237 2302 334 2374 euim
360 2299 483 2397 objicit
512 2293 666 2396 aspestui
684 2296 855 2392 uolupta-

66 2397 175 2484 unis,
202 2396 400 2493 longiorem
415 2403 500 2475 vitae
519 2393 704 2496 praesentis
721 2418 850 2493 expec-

65 2497 331 2591 em‚iguaviam
345 2501 382 2573 in
391 2500 559 2596 operibus
568 2493 695 2573 bonis:
715 2510 851 2593 quantu

84 2593 146 2668 ille
160 2599 276 2693 magis
291 2599 328 2673 iu
344 2599 498 2674 nostram
508 2596 701 2695 perniciem
711 2598 850 2672 inrum,

65 2706 167 2767 tanto
192 2720 260 2771 nos
295 2698 451 2793 amplius
484 2697 731 2792 negligimus,
768 2716 851 2783 cum

65 2857 67 2861 .
92 2793 277 2881 sciamus,
304 2798 401 2892 quod
423 2798 501 2872 dies
521 2796 627 2871 noilri
654 2792 851 2881 abbreviari

65 2891 99 2965 δι
126 2893 303 2971 Dominus
327 2897 452 2993 gloriae
481 2899 627 2979 veniat,
658 2910 701 2971 ut
725 2893 854 2969 reddat

68 3014 137 3086 que
150 2991 256 3089 juxta
281 3019 372 3092 opus
394 2995 507 3079 suum,
558 2995 720 3079 Vereor,
743 3018 788 3067 ne
814 2992 852 3079 iu

67 3091 260 3187 impleatur
285 3095 398 3170 sermo
423 3096 486 3172 ille
506 3119 514 3169 :
537 3094 661 3170 venient
677 3092 719 3167 ob
734 3095 853 3181 oriente

65 3191 186 3276 ὠκέα,
209 3192 249 3268 ss
267 3193 446 3271 recumbens
468 3221 538 3271 cam
564 3192 738 3275 Abraham
757 3191 854 3289 isaar

65 3287 114 3360 :ob
129 3294 164 3363 in
181 3317 282 3391 regno
300 3297 471 3381 calorum,
488 3306 668 3371 vosautem
685 3291 853 3390 ejiciemini
978 3334 987 3359 ,

65 3388 190 3464 Matri.
214 3407 248 3476 8.
270 3410 389 3477 orote
412 3394 476 3469 lux
501 3393 665 3469 veritatis
690 3390 854 3479 Christe,

65 3513 79 3563 u
104 3514 164 3564 me
187 3491 332 3587 sac'per
356 3494 510 3590 gratiam
533 3507 665 3577 tuam,
689 3490 727 3568 ur
749 3511 853 3586 orop-

67 3612 197 3686 agnam
234 3590 516 3673 misericordiam
555 3606 656 3668 tuam
690 3591 856 3677 miserere

66 3690 151 3782 quia
172 3689 379 3773 benedisius
397 3717 438 3770 es
465 3707 508 3767 tu
529 3692 718 3781 insaecula
743 3690 852 3773 saecu·

64 3781 230 3879 ‚limen
479 3792 559 3900 25
760 3806 854 3887 Nor,
1015 3750 1018 3757 Ι
