2400 4380
194 194 647 347 alermus-z
816 237 917 345 na·
1032 226 1091 303 ν

66 396 329 589 ἰἳῖῖ,ξὲἷὶ”ὲ
346 398 903 603 illiterl‘l‘lrlhlll‘:
1110 500 1114 507 ,

66 594 258 687 ruralem,
288 598 351 679 ubi
379 600 488 675 sonos
508 597 619 679 niem
649 596 777 679 festum
805 598 898 679 cele·
911 618 991 688 Vite
1005 614 1096 695 affl·

66 697 205 790 otium,
230 699 292 778 ubi
310 696 497 799 sapientiae
509 695 726 801 &scientiae
744 697 899 776 thesauri
908 716 947 776 re
965 707 1018 774 dr-

66 796 238 886 orantur,
275 799 338 874 ubi
371 797 549 899 gaudium
589 797 871 894 incomparabile
887 797 1038 893 ,loriptm
1078 882 1087 899 ,

66 897 143 985 illos
170 897 441 990 immutabilis,
474 896 602 987 laetitia
637 898 775 995 absque
790 896 903 997 line,
1042 928 1045 935 ·

66 997 210 1079 ificatio
253 1012 459 1096 perpetua,
500 995 669 1077 indescffa
701 997 900 1093 gratiarum
948 1024 959 1055 -’

65 1098 126 1185 o‚‘
142 1095 275 1189 affidua
291 1096 337 1173 de
357 1095 491 1175 divinis
516 1096 625 1179 r'cbns
646 1097 904 1194 pertractatio,

66 1197 136 1274 ‚tiae
152 1196 304 1277 infinitae
325 1248 336 1286 ‚
358 1194 664 1293 regnum-absque
682 1195 754 1273 line
771 1249 783 1285 ,
800 1193 906 1275 mise·
1047 1240 1049 1247 ·

65 1320 176 1377 onum
189 1294 323 1392 abyffi,
340 1294 568 1391 Angelorum
585 1296 791 1393 myriades,
802 1293 904 1391 Apo-

66 1378 167 1473 orirm
184 1396 305 1474 throni
325 1447 336 1481 ‚
361 1395 623 1491 Prophetarum
638 1394 904 1495 procidentiae,

66 1494 287 1573 rinochorum
311 1495 473 1591 sceptra,
497 1496 643 1569 coronae
667 1495 903 1591 Martyrum.
988 1560 993 1572 ,.
1129 1488 1133 1503 ’

66 1594 125 1669 les
142 1593 316 1691 juliorum
338 1645 350 1683 ,
375 1598 455 1674 haec
481 1593 578 1677 enim
603 1595 801 1692 praeparavi
824 1592 905 1673 dili·

66 1694 165 1771 tibus
196 1714 259 1773 me
290 1692 629 1789 ,ppoenitentibnn
666 1690 906 1788 lugentibus,
1046 1688 1053 1705 '

66 1791 263 1907 [erutiones
281 1791 512 1891 patientibus.
551 1790 670 1872 Nemo
686 1791 734 1866 ad
746 1813 806 1871 me
819 1814 906 1906 cna·

66 1903 570 2085 inlisisinlisis
584 1889 906 2082 illustrati
949 2037 961 2059 ..
1064 2008 1068 2021 .

66 2090 269 2170 anotitiam
283 2089 328 2165 de
346 2090 425 2167 Deo
440 2088 562 2184 adepti
577 2087 659 2163 sunt
681 2112 689 2163 :
716 2087 905 2171 Publiceni

66 2189 129 2264 siis
176 2188 324 2268 teloniis
370 2185 549 2266 Ecclefias
598 2187 904 2265 construxerunt:

66 2288 124 2365 art.
144 2314 176 2383 o.
205 2289 455 2370 Persecutores
473 2287 737 2383 persecutiones
755 2286 802 2363 ab
822 2287 905 2365 aliis

79 2388 200 2467 illatas
216 2387 451 2483 susceperunt.
469 2384 545 2466 Ari.
564 2413 598 2486 7.
618 2403 651 2473 8.
669 2385 709 2462 ὃ*
733 2411 791 2481 29.
826 2388 905 2465 Me·
1030 2448 1034 2458 .

66 2489 147 2566 rices
157 2486 341 2584 pudicitiae
356 2487 549 2561 amatrices
563 2485 760 2562 euaserunt.
772 2483 855 2561 Luc.
867 2511 904 2587 7.
998 2520 1002 2527 ·

66 2599 113 2663 tro
123 2585 272 2685 paradisi
282 2585 501 2660 inhabitator
510 2582 626 2661 fastus
635 2585 694 2660 est.
706 2583 831 2661 Marri.
844 2610 903 2691 27.

76 2684 311 2783 pigrescamus
335 2706 421 2780 ergo
447 2697 665 2781 peccatores.
702 2683 780 2762 Nec
798 2683 905 2758 celse·

66 2807 193 2861 urum
224 2784 422 2881 lachrymis
449 2783 606 2858 clamare
632 2783 680 2859 ad
709 2782 907 2863 Dominum

66 2886 122 2959 'les
137 2897 247 2985 atque
260 2882 339 2957 dies
354 2882 524 2979 quoniam
539 2882 738 2962 misericors
748 2882 817 2962 est.
835 2882 907 2979 ipse

67 3008 98 3059 ro
129 2983 177 3059 est
202 2984 456 3081 poenitentium
481 2982 583 3058 Deus
601 2983 709 3059 Pater
732 2980 769 3057 sir
793 2980 909 3059 Filius

69 3083 218 3180 Spiritus
242 3080 423 3168 Sanslus,
456 3078 518 3177 ipsr
542 3081 658 3177 gloria
685 3078 908 3183 &potentia

69 3181 193 3265 laeoula
206 3179 420 3283 seculorum
437 3179 571 3261 Amen.

336 3389 547 3490 ‘aa
