2400 4380
211 277 217 289 -
276 216 493 310 Sermones
536 202 564 279 s
622 298 624 303 .
740 182 863 347 ΙΔ,69-
962 240 969 255 ’
1038 318 1041 325 ⁴

77 394 267 500 „Teipsum
279 424 342 501 per
356 406 602 503 poenitentiam
616 434 638 487 a
654 408 841 494 sceleribus
948 396 965 433 ²

75 498 164 674 ..dp
171 501 271 578 nulla
288 517 324 579 te
339 506 506 584 maledici
533 510 839 615 vituperatioper·

66 619 838 802 ¹flientationisimpetumnetimeasmulla

66 798 214 873 :entatio
231 798 408 879 strenuum
431 807 573 902 pietatis
593 809 766 887 athletam
783 813 837 888 of·
905 852 909 864 ,

65 994 202 1085 „Quod
219 996 301 1092 igne
316 995 486 1088 efficitur,
498 1001 835 1097 ignisoletresrstere.

75 1094 145 1180 „ln
162 1097 420 1173 tentationibus
445 1120 529 1196 ergo
545 1101 582 1177 dc
601 1104 836 1181 tribulationi·

66 1191 265 1292 oluptatum
286 1195 472 1275 ardoribus
493 1198 628 1293 testie,
650 1227 695 1277 ne
717 1204 835 1281 solidi·

66 1291 257 1388 deperdas.
719 1364 722 1369 .
822 1361 828 1373 .

71 1390 187 1477 „Nou
214 1413 296 1488 quae
325 1392 390 1468 tibi
418 1394 549 1470 videris
573 1394 666 1475 bona
695 1421 830 1495 agere,

66 1488 138 1564 teta
156 1504 266 1588 puta,
290 1490 351 1567 sed
367 1516 433 1583 ea,
455 1515 536 1591 quae
557 1496 603 1569 ab
625 1496 853 1576 hominibus

66 1590 282 1686 probantur.

67 1686 269 1775 „Ausculta
292 1711 417 1764 vocem
434 1688 599 1779 Domini,
614 1702 656 1766 ut
671 1703 707 1768 te
728 1692 829 1791 adju·

66 1786 271 1863 bhumiliet
288 1790 453 1864 inimicos
469 1803 563 1865 tuos.
626 1812 629 1819 ·

76 1882 229 1979 „Donec
252 1887 402 1985 propiiae
435 1887 610 1963 voluntati
641 1887 846 1972 obsecutus.

70 2036 82 2072 ,
119 1985 383 2082 aperiei‘tione
416 1999 453 2062 te
486 1985 679 2084 longiffime
714 1988 827 2065 ubelie

70 2082 111 2201 dt
127 2097 309 2258 (putatum
326 2087 412 2161 abes
433 2086 480 2175 ab
501 2108 544 2161 ea
563 2137 575 2176 ,
597 2098 745 2169 tantum,
760 2088 827 2165 dis·

83 2204 125 2259 tn
150 2206 237 2279 rges.
673 2240 679 2255 t

66 2280 350 2372 „Tribulutiones
375 2281 411 2356 in
435 2281 590 2357 Domino
613 2280 764 2370 sustine,
786 2294 827 2360 ut

89 2380 129 2458 dc
153 2405 217 2481 pro
237 2382 419 2458 laboribus
442 2382 605 2456 mercede
624 2381 826 2479 perfruaris.

66 2481 259 2598 ‚lapicida
275 2479 473 2557 incidendis
496 2481 674 2601 lapidibus
687 2488 826 2559 merce·
984 2480 1003 2600 Ἰ

66 2603 135 2657 ercr
160 2581 199 2657 it.

66 2605 159 2769 ‚Qui
165 2677 300 2755 recusat
314 2674 555 2773 disciplinam,
568 2678 660 2755 inter
670 2679 824 2778 pruden-

66 2803 134 2853 non
152 2778 474 2854 connumerabitur.
723 2854 726 2859 .

66 2879 171 2966 ,Quae
194 2877 325 2953 surium
353 2876 460 2962 sunt,
489 2874 755 2973 contemplare,
786 2873 825 2952 dt

66 3000 76 3051 ι
111 2977 279 3075 despicies
300 3029 316 3063 ,.
344 2974 367 3050 fi
400 2976 445 3050 ab
471 2974 546 3049 alto
575 2973 823 3064 descenderis,
926 3038 932 3045 .

66 3099 181 3175 unque
202 3073 457 3175 domunculam
483 3072 686 3150 dealbatam
709 3072 823 3148 admi,

71 3272 152 3363 „Tu
172 3272 259 3370 ,qui
277 3273 447 3370 pietatem
470 3269 578 3356 colis,
595 3268 833 3367 prudentiam
851 3352 856 3365 „

87 3374 124 3447 in
140 3372 247 3447 rebus
267 3392 423 3457 exerce,
446 3391 527 3466 quae
544 3384 581 3442 te
600 3366 695 3463 quast
721 3368 820 3444 vehi·

66 3471 232 3568 gestabit,
246 3469 284 3555 u
299 3494 347 3546 ex
362 3468 486 3545 multis
504 3468 668 3565 periculis
683 3466 818 3564 eripiet.

66 3571 184 3660 „Odor
205 3569 403 3668 prudentiae
427 3570 463 3643 in
482 3570 559 3644 uiro
575 3566 648 3654 est,
673 3566 819 3654 seipsum

83 3670 275 3764 accusate,
294 3668 332 3747 dc
343 3662 501 3749 ¹alterum
516 3692 589 3746 non
603 3666 816 3842 jugitatem
939 3718 943 3725 .

694 3823 703 3844 ⁶
731 3816 754 3859 ii
