2400 4380
286 214 511 381 'Semnones
614 249 621 356 ζ
691 234 695 241 ’
729 249 732 257 ’
764 231 870 368 sacy

64 429 481 531 oposiulat‚utSpiritns
497 432 534 512 S.
552 429 756 526 descendat,
770 432 870 513 sano-
1057 492 1065 503 s

64 541 160 629 etque
187 532 285 611 dona
309 533 469 610 interris
491 532 689 634 proposita,
713 558 869 633 cumque

64 630 432 708 uniueriuttremenda
446 633 628 731 mysteria,
645 634 869 711 tuncanimae
934 686 936 691 -
959 692 964 711 ,

64 730 193 805 dentes
219 731 441 808 macularum
470 732 749 829 purificationem
773 735 869 808 acci·

64 841 90 905 t.
122 827 282 925 Populus
300 831 360 925 qui
377 843 459 907 ante
473 856 537 906 nos
554 845 651 914 erat,
669 853 780 906 cornu
796 831 868 907 olei

64 928 159 1003 asad
176 928 422 1004 Sacerdotium
441 930 740 1026 promovebatur,
764 930 870 1005 nobis
963 984 987 1013 ,·
1048 988 1054 1005 .

88 1024 432 1123 perfimposrtionem
448 1052 618 1104 manuum
637 1028 739 1104 suum
755 1029 868 1103 donat

64 1137 148 1200 tum.
208 1125 238 1200 O
266 1148 372 1222 quam
397 1149 564 1222 magnam
587 1130 624 1219 in
648 1125 681 1201 se
707 1127 868 1202 continet

64 1223 258 1336 rprditatem
276 1225 483 1300 admirabile
497 1226 746 1301 sacerdotium:
773 1224 869 1301 Feli·
931 1254 933 1259 ·

80 1321 215 1407 illum,
239 1322 352 1418 quiin
372 1324 440 1399 hac
462 1325 531 1419 ipsa
562 1326 734 1420 dignitate
755 1324 872 1399 admi·
967 1366 968 1369 π
1081 1367 1085 1381 ·

64 1433 101 1494 at
120 1420 444 1518 irreprensrbiliter:
471 1422 596 1498 Petrus
615 1425 675 1519 qui
700 1446 721 1496 a
737 1446 870 1517 magno

64 1519 219 1601 nonium
244 1521 380 1616 accepit
400 1521 566 1608 Pastore,
589 1524 664 1616 quio
672 1520 772 1619 snper
786 1521 869 1595 hanc

64 1642 103 1692 rm
134 1616 302 1716 edificabo
331 1618 508 1719 Eccsafiom
537 1644 638 1694 mcum
660 1619 783 1693 Motis.
811 1631 870 1694 ro.

78 1715 327 1792 Sacerdotium
355 1717 391 1793 dt
419 1719 540 1793 claves
571 1720 670 1813 regni
697 1717 870 1805 coelorum

64 1816 142 1913 cpit,
166 1814 323 1890 fimiliter
339 1829 458 1892 autem
482 1816 519 1894 &
543 1817 675 1899 Paulus
695 1817 764 1891 hoc
781 1837 870 1912 quo·

77 1913 285 1989 charismate
294 1915 421 2009 dignus
431 1916 574 1991 habitus
583 1915 640 1993 est.
658 1914 872 2002 Quinetiam

75 2011 108 2087 in
130 2014 246 2110 prima
273 2015 450 2089 creatione
473 2012 756 2111 &sequentibus
778 2025 872 2086 tem·

64 2110 125 2187 bus
163 2110 329 2186 sacrificia
359 2112 482 2199 Abel,
516 2112 631 2201 Noe,
660 2111 872 2204 Abraham,

64 2208 139 2302 ns,
163 2208 286 2303 Aaron
303 2209 401 2287 Deus
424 2211 574 2306 benigne
587 2209 752 2317 respexit.

85 2404 237 2494 „consti
252 2428 336 2502 ergo
358 2404 576 2482 honoremus
597 2388 788 2485 veneiandi
804 2402 1024 2479 Sa-Samroc
1141 2478 1143 2483 .

65 2508 130 2582 otii
166 2505 379 2581 sublimitate
412 2505 635 2596 decoratos,
677 2504 715 2581 δι
745 2503 919 2593 beatosto
935 2509 1042 2562 am

64 2606 252 2687 sinemus,
284 2619 381 2679 certo
427 2596 603 2690 scientes,
639 2602 735 2700 quod
763 2577 909 2701 siquis&
925 2579 964 2648 Θ
979 2579 1033 2679 ¹¹9*
1119 2618 1124 2623 ’

64 2726 137 2779 :um
154 2704 248 2799 regis
264 2714 361 2779 amet
380 2755 391 2787 ‚
416 2701 512 2776 hunc
528 2703 638 2799 ipsum
659 2703 775 2779 multo
792 2659 1019 2777 ammam·

64 2827 107 2879 ra
122 2825 205 2899 rege
217 2805 339 2878 amari.
378 2801 552 2888 Quocirca
570 2823 732 2878 amemus
745 2798 871 2875 Sacer·
897 2826 899 2833 ·

64 2925 85 2976 s
106 2900 175 2977 Dei
200 2955 211 2988 ‚
245 2901 412 2998 siqnidem
440 2922 503 2996 pro
528 2900 632 2974 nobis
667 2921 710 2975 ac
735 2898 872 2973 mundo

64 3015 227 3076 ocantur.
289 3001 438 3093 Honora
463 2999 710 3084 Sacerdotem,
744 2994 872 3072 Christi
927 3016 930 3022 ’

64 3100 190 3176 ‚datum
207 3100 332 3196 exple,
351 3096 446 3195 quod
464 3097 576 3171 dicit:
604 3095 874 3197 QuiPropsrctnm

70 3192 194 3296 gaudio
213 3201 325 3295 recipit
341 3202 375 3272 in
397 3198 520 3270 nornine
539 3195 733 3295 Prophetae,
756 3220 873 3269 merce·

68 3297 235 3395 Propheta
252 3298 384 3395 occipiat
398 3295 521 3368 Mottsr.
536 3321 589 3368 10.
609 3293 738 3382 Quodsi
752 3293 797 3367 de
806 3292 873 3367 ilio

64 3396 220 3471 sacerdos
240 3396 314 3486 est,
341 3398 508 3490 ignoras,
531 3394 706 3488 dignusne
717 3416 764 3467 an
780 3389 874 3466 indi·

64 3494 139 3575 xsrt
167 3549 178 3581 ‚
202 3519 316 3581 cave,
349 3519 394 3567 ne
418 3493 647 3589 despexeris,
678 3516 761 3568 narn
786 3489 876 3565 ficut
1015 3556 1018 3567 .
1102 3551 1105 3561 .

64 3617 107 3669 un
131 3594 212 3669 luto
232 3597 515 3668 contaminatum
541 3615 612 3665 non
641 3588 788 3689 percipit
812 3588 896 3662 de·.

64 3705 221 3784 cutum,
246 3695 298 3768 ita
313 3715 379 3767 nec
388 3692 639 3864 psacerdotium
661 3694 710 3777 ab,
727 3687 876 3782 indigno

443 3816 463 3868 2
777 3804 878 3877 „iob
1011 3845 1012 3849 ,
