2400 4380
76 258 79 265 ·
250 247 336 344 ,aa
385 176 393 225 ³
525 213 775 344 ananan
797 228 890 347 nn

78 811 218 904 Adverso

73 905 201 990 fimiter

74 984 176 1072 ause·

76 1067 233 1140 rudo,

491 461 635 541 sua
659 439 699 542 n
724 462 755 540 o
803 457 930 545 Lvrrt

463 586 484 613 ⁷
566 607 633 702 De
652 610 856 702 Patientia.
979 610 983 617 ’

253 821 279 898 3,
350 804 390 884 ui¹
408 806 487 883 Deo
501 807 641 906 placere
659 810 781 907 cupit,
803 800 1071 906 apprehendent

374 907 520 995 „omnia
536 908 746 1001 patientiam
763 904 871 985 debet
887 906 1028 983 fortiter
1046 905 1072 979 ol

253 1028 511 1103 „quascunque
528 1005 669 1081 sufferre
691 1008 970 1091 tribulationes,
995 1006 1072 1100 impr

253 1108 363 1195 ‚,ria‚
394 1104 431 1180 dt
458 1102 631 1201 injurias,
656 1129 698 1180 ac
722 1107 923 1180 anxietates
948 1127 969 1179 a
995 1102 1071 1198 spiri

252 1198 457 1298 „malignis
477 1205 598 1280 illatae
624 1207 755 1279 animae
778 1257 790 1292 ‚
832 1203 878 1278 ad
901 1203 1072 1300 impedieu

253 1326 384 1393 „eam,
408 1326 453 1376 ne
467 1302 685 1397 ingrediatur
702 1305 796 1378 viam
814 1303 927 1391 vitae,
949 1301 986 1376 dt
1003 1300 1072 1375 indt

67 1394 75 1425 '
111 1458 118 1463 -
251 1424 363 1492 „eam
382 1403 595 1477 conantibus
612 1402 870 1482 inmollitiem.
893 1399 1072 1496 negligent

141 1562 144 1581 .
252 1501 318 1592 „dt
334 1500 444 1574 animi
461 1499 692 1598 dejetiionem
709 1524 772 1596 pro
795 1500 933 1575 ratione
949 1499 1072 1573 divina

253 1596 497 1696 „pausationis
522 1601 760 1695 permittentis
787 1599 926 1674 animas
946 1599 1072 1696 probat

204 1770 209 1777 a
253 1695 678 1788 „riistribulationibus,
703 1712 744 1774 ut
767 1713 964 1795 appareant
983 1750 994 1780 ,
1015 1697 1071 1790 qui

253 1795 389 1887 „corde
406 1795 523 1871 Deum
540 1795 694 1891 diligunt
710 1850 720 1884 ‚
736 1797 894 1872 strenuos
909 1798 947 1873 in
962 1797 1072 1894 perfer

179 1894 181 1903 '
253 1894 316 1987 „se
330 1895 525 1990 praebent,
557 1919 624 1969 neo
648 1895 742 1993 spem
772 1898 809 1970 in
835 1894 953 1971 Deum
984 1892 1071 1988 abjic

250 1992 397 2085 „Debet
410 1994 519 2087 igitur
529 1996 647 2070 anima
662 2017 805 2069 crucem
816 1993 961 2068 Domini
974 1993 1063 2066 ferre

249 2092 367 2183 „tidie
382 2090 507 2189 Mattlr.
528 2119 583 2168 ro.
634 2093 825 2168 Considera
839 2115 911 2189 quo
924 2093 1023 2187 patto
1039 2089 1072 2165 al

248 2191 329 2282 „tio
346 2189 581 2277 patriarchae,
597 2191 786 2290 Prophetae
804 2245 815 2276 ‚
836 2189 1000 2288 Apostoli
1017 2189 1072 2264 acl

249 2301 378 2385 „tyras
402 2310 463 2384 per
486 2289 757 2373 tribulationum
783 2291 861 2365 vias
884 2288 1072 2387 pertranfet

248 2388 386 2478 „etiam
403 2386 510 2481 gauifi
534 2389 614 2463 sunt
634 2403 779 2487 propter
807 2389 902 2484 spem
925 2389 1072 2463 retribut

246 2486 450 2577 „mercedis
478 2486 601 2563 Mani.
636 2511 667 2582 5.
702 2487 850 2563 diversae
872 2510 977 2585 porro
996 2509 1072 2563 aeru

51 2583 66 2621 ·,
122 2630 125 2635 -
247 2584 542 2676 ,‚demonstrant,
567 2608 650 2682 quae
664 2588 795 2662 animae
810 2586 928 2684 dignae
947 2585 1044 2676 fiat,
1066 2610 1072 2657 ⁴

246 2704 343 2779 „que
353 2684 533 2779 indignae,
557 2684 689 2782 &quae
703 2684 840 2776 fidem,
864 2686 960 2780 spem
977 2683 1072 2781 &pa

186 2794 194 2804 “
246 2785 362 2872 „tiam
384 2782 541 2859 habeant
555 2835 572 2873 „
593 2806 744 2881 quaeque
759 2808 844 2863 uon.
866 2784 1072 2860 Patientiam

246 2891 332 2971 „tur
348 2879 395 2955 dt
412 2880 510 2976 'spem
536 2883 657 2958 anima
683 2884 820 2959 habens
846 2907 991 2960 omnem
1017 2905 1072 2959 ms

109 2968 139 3077 J
245 2980 447 3074 „impetum
478 3003 704 3081 perrumpere
740 2983 901 3082 poterit,
929 3003 1072 3077 nequet

241 3078 370 3168 „Deus
387 3079 424 3152 in
448 3078 559 3176 ipsum
577 3079 776 3178 sperantem
792 3099 906 3180 usque
923 3080 1018 3156 adeo
1035 3090 1072 3153 ta

241 3176 446 3273 „permittit
468 3229 479 3263 ‚
512 3192 553 3252 ut
578 3177 722 3257 sufferre
748 3193 911 3277 nequeat.
941 3205 972 3255 1.
1001 3176 1072 3266 Coa

137 3296 140 3301 ’
238 3274 383 3366 „Sicuti
397 3276 506 3350 etiam
523 3277 623 3353 mulo
632 3278 749 3375 majus
762 3304 835 3354 non
844 3278 1040 3379 imponitur
1057 3301 1072 3351 c

238 3395 375 3468 „quam
392 3378 488 3471 quod
507 3375 599 3450 ferre
616 3376 738 3474 poffit:
765 3402 830 3452 nec
853 3376 988 3471 figulus
1005 3376 1072 3452 vasa

236 3473 401 3563 „diutius
433 3474 470 3550 in
495 3477 640 3550 fornace
666 3477 863 3572 relinquit,
890 3499 998 3571 quam
1028 3498 1072 3550 ne

234 3570 340 3663 ‚‚est‚
366 3596 411 3645 ne
435 3574 675 3650 dissolvantur.
720 3575 1035 3662 Quemadmodum
1065 3597 1072 3644 ι

231 3671 413 3762 „cannabi
436 3670 565 3769 acqlini
589 3672 722 3772 species
752 3698 826 3751 non
851 3670 900 3750 est
919 3674 1055 3752 idonea
