2400 4380
268 178 497 271 Sermones.
748 196 887 319 299
1081 306 1086 315 ι

66 361 87 443 i.
106 360 318 457 conciliat,
342 369 474 446 animae
496 366 613 458 obest,
636 332 767 469 corpus
784 359 883 467 cor-F

66 464 276 555 it,virtutes
297 468 472 566 expellit,
494 475 573 543 nole
582 470 750 546 meminit
764 491 862 561 morq

66 587 144 741 igue
169 564 340 665 supplicia
363 571 511 664 cogitat.
555 566 671 645 Aufer
692 593 713 644 a
731 593 791 646 me
815 568 863 649 ri·
948 646 954 663 ,
1058 650 1061 657 ,

107 665 228 745 omine
245 690 257 756 ·,
295 666 504 764 lustumque
520 716 528 733 .
544 669 636 745 mihi
674 669 832 745 concede
845 650 863 757 ⁸,

93 788 117 845 a
137 787 197 841 me
217 767 379 863 requiris.
404 768 552 845 Initium
568 767 684 846 lullus
706 764 866 861 elinoli‘e

66 889 119 943 m.
165 865 284 944 Hilari
305 867 428 964 itaque
453 866 491 944 lie
515 891 659 945 amoeno
676 867 792 955 limus
813 864 866 963 ai·
994 922 998 934 .

72 965 271 1061 gloriantes
287 967 324 1044 in
342 964 481 1065 Spiritu
493 966 624 1049 Saniio
642 967 744 1067 super
760 966 867 1059 donis

66 1065 137 1151 ni,
171 1066 392 1162 cogitatione
416 1080 545 1144 ,autem
576 1066 613 1142 lic
642 1069 763 1145 animo
789 1066 869 1165 plo·

66 1188 84 1239 s
106 1162 143 1239 ἀ
160 1180 348 1260 gementes
365 1166 482 1243 Deum
498 1189 712 1254 exoremus,
731 1192 777 1242 ne
795 1188 868 1242 coe·
895 1170 897 1175 '

67 1287 159 1360 egno
175 1265 366 1363 privemur.
416 1264 551 1345 Luilus
569 1266 727 1342 aedificat
742 1265 781 1342 ·&
801 1288 866 1341 cu·
900 1270 907 1281 '
951 1326 956 1335 .

84 1415 96 1450 ‚
123 1366 282 1442 animam
305 1365 503 1462 lachrymis
521 1367 655 1462 tergit,
674 1365 866 1441 mundam·

66 1462 185 1553 eddit‚
208 1466 484 1561 temperantiam
501 1465 642 1562 gignit,
660 1466 867 1561 voluptates

66 1563 161 1651 adit,
188 1565 341 1640 virtutes
364 1565 528 1659 perlicit,
555 1565 592 1641 lie
618 1565 664 1639 ab
691 1563 765 1662 ipso
789 1564 869 1638 Deo

66 1663 176 1739 icatur
187 1664 314 1741 beatus
331 1663 457 1742 Morti.
469 1693 503 1761 5.
525 1665 780 1743 Humiliamini
800 1664 870 1767 igi·
1011 1736 1015 1747 ,

66 1763 101 1851 rb
115 1766 254 1861 potenti
270 1788 381 1841 manu
400 1764 494 1850 Dei,
527 1762 564 1840 δι
589 1763 766 1839 exaltabit
791 1784 869 1839 vos.
900 1838 903 1849 ,
1029 1826 1033 1833 .

67 1886 104 1937 es
120 1863 299 1957 horrenda
317 1889 390 1942 non
402 1863 518 1939 multo
530 1862 605 1963 post
622 1862 870 1960 pertransituri

66 1961 212 2063 sloca3
246 1963 370 2043 nullus
387 1985 539 2050 eorum,
564 1985 656 2061 quos
679 1962 739 2043 hic
761 1964 871 2039 habe·
945 1996 947 2013 =

66 2085 127 2139 nos
143 2063 310 2153 comitari
325 2062 400 2139 istic
420 2063 572 2159 poterit3
596 2085 790 2141 caveamus
805 2062 872 2159 igi·
904 2143 906 2149 ,

66 2186 217 2242 unorum
236 2186 385 2262 operum
401 2163 468 2237 elle
484 2161 710 2258 negligentes
734 2215 744 2248 ,
768 2173 809 2238 ut
828 2185 873 2239 ea

66 2285 183 2358 mpore
201 2262 417 2340 necellrtatis
439 2261 566 2338 nostrae
590 2262 753 2337 invenire
772 2260 874 2359 poffi-

66 2385 72 2451 ς
97 2362 217 2439 Sobrii
236 2361 346 2439 srmus
365 2361 402 2438 δι
426 2362 620 2461 vigilemus
646 2361 686 2437 in
710 2359 875 2458 praeienti

66 2460 96 2534 lo
117 2515 137 2557 ,Ι
162 2463 307 2561 nepost
335 2464 494 2558 corporis
520 2462 782 2558 separationem
806 2481 874 2555 nos
1004 2478 1007 2483 ·

66 2561 239 2638 'endicent
254 2562 431 2660 principes
449 2563 679 2637 tenebrarum
700 2613 710 2649 ‚
733 2558 771 2635 lie
793 2559 876 2655 quis

66 2684 146 2735 rora
172 2683 240 2736 nos
268 2662 421 2739 redimet
452 2685 498 2735 ex
518 2660 686 2737 manibus
712 2656 876 2734 eorum‘l

70 2761 123 2834 illi
140 2785 207 2836 nec
224 2783 345 2857 regem
365 2760 516 2847 timent,
537 2782 604 2833 nec
620 2773 796 2855 tyrannos
817 2782 876 2861 cu·

72 2913 83 2947 ,
107 2884 175 2937 nec
196 2883 368 2955 magnum
392 2883 458 2933 nec
475 2880 656 2954 parvum,
682 2858 744 2932 nisr
762 2857 877 2945 solum

72 3013 83 3045 .
107 2960 169 3055 qui
193 2959 229 3034 in
248 2961 382 3056 pietate
402 2959 514 3035 vitam
535 2956 633 3033 suam
647 2956 879 3052 transegerit,
971 3031 976 3038 ,

66 3061 129 3135 ‚ius
146 3057 333 3156 conspeiiu
346 3057 407 3133 fibi
424 3057 625 3142 timebunt,
645 3055 682 3131 δι
696 3057 879 3143 recedent,

69 3184 134 3237 non
162 3169 275 3256 ianget
290 3158 382 3232 illum
403 3170 606 3237 tormentum.
634 3153 715 3253 Sap.
737 3161 773 3251 3.
823 3154 880 3235 Ne
982 3152 1003 3253 „¹

66 3279 82 3331 r
98 3257 342 3354 torpescamus
365 3255 517 3343 fratres,
541 3278 659 3355 neque
671 3279 728 3330 res
744 3254 881 3329 alienas

66 3359 160 3432 oxias
176 3355 223 3432 ad
238 3381 306 3437 nos
319 3357 522 3452 rapiamus,
537 3378 621 3431 nam
636 3354 725 3433 hora
744 3354 882 3451 separa·

66 3479 86 3533 s
111 3457 245 3538 animae
268 3479 292 3539 a
315 3477 464 3553 corpore
498 3453 702 3551 voluptates
730 3452 882 3529 marces·
976 3469 980 3475 “

70 3556 234 3646 ‚delitiae
249 3580 293 3633 ac
312 3579 405 3632 vana
423 3554 538 3649 gloria
556 3565 727 3651 pereunt,
746 3552 884 3627 divitiae

91 3655 246 3739 aucuia
274 3653 312 3741 ic
338 3655 537 3762 cupiditate
560 3652 771 3736 dominandi
795 3650 884 3747 deri·

742 3750 883 3847 rodunt·
967 3786 1003 3845 .’
1084 3790 1086 3797 ’
