2400 4380
496 62 504 100 s

1038 187 1174 230 7⁴

384 160 635 311 cranous,
737 158 740 165 ’
844 214 958 352 ,33

54 423 161 498 ,quem
193 401 313 478 rursus
345 406 391 480 ab
417 428 524 502 opere
555 402 758 478 execrando
789 403 963 483 abstinere
1003 422 1005 430 '

54 501 336 598 conspexerint,
374 528 465 578 mox
506 503 665 578 absurdis
707 500 821 578 causis
856 504 960 578 issum

54 618 235 690 onerant,
260 626 342 681 cum
359 605 485 678 dicunt
504 602 604 678 :fille
617 601 736 696 frigidi
752 602 801 674 esi
821 615 959 700 tempe·

54 702 221 805 ,rumenti
272 703 546 778 convincuntur
562 703 670 778 etiam
685 701 721 773 in
740 704 836 784 hoc,
862 702 960 798 quod
980 712 1005 740 ‘²
1072 720 1088 750 ·'

54 803 124 891 »hoc
154 825 228 875 oon
253 802 347 874 bona
386 817 508 875 mente
534 801 747 898 proferant,
779 804 861 895 quia
887 826 977 877 non

54 900 166 991 siolum
193 900 360 974 homines
383 902 490 974 calidi
520 898 640 975 sed&
670 898 791 993 frigidi
820 914 966 1001 tempe·
1055 992 1059 1005 ¹

54 1000 209 1091 pimenti
248 1001 345 1073 dono
380 1001 613 1074 continentiae
646 999 838 1092 indigent,
875 1025 958 1074 cum

54 1101 410 1192 ‚utrosque-inimicus
426 1097 659 1195 impugnet&
673 1100 830 1188 tribulet.
859 1101 958 1173 Cave

54 1198 225 1291 igiturne
247 1200 297 1272 ab
322 1199 528 1273 hominibus
558 1198 785 1292 vosupratum
817 1215 956 1272 amato-
1010 1262 1021 1269 .

54 1299 151 1387 ribus
167 1297 374 1393 abripiaris,
405 1299 465 1393 qui
484 1298 720 1394 diversimode
733 1297 960 1377 lascivientes

54 1397 193 1497 propria
208 1398 442 1495 coinquinant
458 1419 618 1498 corpora.

54 1636 56 1645 ·
99 1618 133 1669 2.
162 1592 271 1679 „Esto
294 1593 404 1690 igitur
429 1592 586 1693 prudens
606 1590 695 1669 ficut
719 1591 889 1690 serpens,
920 1592 1144 1679 distamus..

54 1691 199 1789 simplex
224 1693 313 1782 ficut
331 1696 499 1769 columba
515 1746 526 1778 ,
550 1694 632 1788 quia
650 1696 687 1766 in
712 1694 833 1769 medio
854 1695 954 1788 supo-
972 1703 1011 1763 ris
1026 1694 1096 1784 effe·

54 1812 131 1885 pum
157 1792 332 1887 versaris:
357 1819 403 1866 ne
427 1793 520 1868 mori
545 1794 703 1867 verearis
725 1815 789 1887 pro
806 1792 955 1869 Christo.
972 1783 1045 1850 3²⁴³·
1082 1842 1086 1847 -
1165 1812 1167 1815 ·

54 1890 150 1979 Ἑινε
166 1908 312 1988 propter
329 1894 528 1967 humanum
543 1894 709 1966 timorem
728 1892 856 1989 perdas
872 1915 957 1968 con·
975 1908 983 1955 t

54 1990 242 2083 itinentiam
269 2015 279 2066 :
312 2014 400 2066 cave
417 1993 590 2067 mandata
612 1992 741 2067 divna»
762 1996 957 2087 spreveris,

54 2086 95 2166 dt
112 2091 275 2184 quamvis
301 2116 375 2164 non
397 2091 540 2175 adsint,
571 2093 634 2185 qui
660 2092 957 2193 reprehendant,
995 2168 999 2177 ,

54 2189 141 2265 ,nihil
166 2200 289 2263 tamen
315 2191 405 2266 latet
438 2191 647 2265 Dominum.
697 2190 784 2266 Sive
809 2212 894 2284 ergo
919 2191 958 2266 in
1052 2235 1055 2241 ,
1086 2222 1090 2229 ·

54 2289 216 2362 ¹comobio
241 2288 311 2362 sive
336 2291 373 2364 in
399 2312 521 2364 eremo
546 2290 675 2384 degis,
701 2293 892 2384 puritatem
919 2288 958 2366 &
1008 2334 1012 2341 ·
1172 2293 1180 2305 ”

54 2387 294 2463 ‚humilitatem
317 2414 363 2462 ne
385 2389 598 2487 despexeris
662 2389 823 2463 Humilis
858 2390 957 2491 inani
1018 2440 1043 2457 κ,

54 2510 124 2569 ,non
148 2487 291 2563 ducitur
312 2491 447 2581 gloria,
465 2513 532 2563 nec
546 2491 682 2562 elatum
701 2488 734 2560 se
751 2491 844 2583 gerit
860 2491 957 2566 circa
1045 2502 1048 2507 '
1101 2536 1108 2545 ·

54 2586 261 2681 obsequium
299 2589 456 2684 proximi
498 2589 545 2662 ob
585 2592 753 2662 timorem
796 2587 956 2666 Domini.

54 2684 211 2763 ,Humilis
227 2690 408 2784 propriam
428 2687 653 2762 volrmtatem
685 2712 757 2764 non
781 2689 960 2787 ponderat

54 2786 193 2861 veritati
210 2790 487 2872 contradicens,
511 2785 570 2860 sed
587 2788 730 2864 veritati
748 2802 850 2884 paret
868 2812 879 2880 ;
910 2789 959 2863 ob

54 2887 207 2982 proximi
229 2887 426 2981 profestum
450 2911 523 2960 non
546 2886 715 2978 invidet,
741 2914 808 2963 nec
823 2891 960 2985 gaudet

54 2981 157 3081 super
190 2985 340 3061 alterius
379 2989 511 3073 ruina,
553 2991 688 3079 gaudet
719 2968 805 3064 reio
836 2991 960 3086 potius

54 3085 437 3177 congaudentibus,
470 3085 508 3162 dt
555 3085 618 3159 sset
654 3112 735 3164 cum
776 3088 958 3165 flentibus.

54 3181 212 3258 Humilis
246 3199 458 3282 paupertate
483 3185 615 3283 pressus
640 3213 711 3262 non
737 3187 859 3284 abjicit
882 3192 958 3263 ani·

54 3304 182 3368 mum,
215 3281 252 3357 dt
270 3286 306 3358 in
333 3285 616 3382 prosperitate&
641 3289 754 3382 gloria
772 3314 843 3363 non
867 3289 924 3364 ius
943 3330 959 3350 ·

54 3379 159 3455 sescit„
211 3382 372 3458 Humilis
396 3385 508 3460 alium
538 3385 811 3484 fratrem-apud
845 3391 958 3466 aliurn

54 3504 120 3553 non
138 3482 325 3570 traducit,
350 3483 409 3558 sed
427 3486 692 3580 pacificatorem
720 3489 797 3582 agit
819 3492 957 3579 rnatum

54 3599 111 3670 pro
146 3581 245 3654 malo
276 3607 349 3656 non
379 3585 544 3661 reddens.
597 3588 759 3664 Humilis
784 3615 856 3663 non
880 3616 956 3666 mn·

54 3699 142 3769 ,ores
161 3679 277 3757 solum
296 3682 465 3778 diligit&
482 3687 665 3782 honorat,
692 3692 752 3768 sed
768 3679 965 3766 inferiores

790 3888 804 3907 M
822 3802 955 3891 ‘'arqui’'

1083 2000 1088 2006 -
1137 1974 1148 2020 i
